2550 3984
176 221 218 283 35
574 211 787 276 ANDRIA.
998 211 1190 266 uiam-aa

177 387 221 449 81.
262 387 359 462 Hem,
379 383 414 443 id
434 390 467 443 te
488 385 543 442 dra
566 389 600 442 ut
621 388 694 442 aute
716 386 830 442 ecimus.
862 381 935 443 dum
950 386 1071 464 templis
1086 382 1191 460 datur,

133 501 159 541 aa
262 487 402 562 Dumque
424 486 490 542 eiua
511 480 618 541 lubido
640 481 795 542 occiriaaat
815 480 1022 560 contumelia,

262 583 354 641 Prius
383 598 472 658 quam
499 579 607 638 ladrum
633 577 755 638 scelera
787 586 820 638 et
851 576 1006 640 lacrumae
1038 581 1192 641 confictae

637 675 718 736 doliu

261 775 448 838 Reddricuut
469 776 602 835 animum
623 778 783 853 aegrdtum
806 772 845 833 ad
866 775 1120 855 misericdrdium,

263 875 398 935 onrem
420 871 536 934 demur.
567 874 661 951 upe'ro
684 869 908 932 cousuetudine
1137 883 1193 937 seo

261 973 413 1050 Coniugio
435 968 560 1031 liberali
583 969 782 1047 deuinctum,
806 970 968 1048 Chremes,

137 1087 163 1128 aa
265 1070 345 1130 Dein
365 1068 457 1129 itcile
477 1087 515 1127 ea
535 1067 597 1129 iiiia
619 1070 690 1128 adse
712 1070 903 1128 emersuraim
926 1067 1023 1129 malis.

179 1168 236 1230 ΟΕ.
261 1167 335 1228 Tibi
355 1168 398 1226 ita
420 1167 479 1224 haic
500 1165 641 1225 uidetur:
663 1169 695 1224 tt
718 1184 776 1243 ego
798 1183 860 1224 uon
880 1183 974 1244 posce
997 1166 1133 1226 irbitror
1172 1153 1177 1161 ’

262 1265 370 1342 Neque
397 1262 486 1322 illum
508 1263 587 1322 hinc
608 1270 761 1342 perpetuo
783 1262 901 1322 habere
921 1281 1022 1341 neque
1043 1281 1093 1323 me
1116 1266 1193 1344 pcr-

640 1360 715 1439 peti.
977 1424 979 1427 ⁵

88 1470 128 1559 *s
180 1458 224 1518 81.
264 1458 323 1533 Qui
345 1460 404 1517 acis
425 1475 500 1535 ergo
521 1456 617 1529 istuc,
638 1457 698 1515 uisi
720 1455 871 1535 periclum
892 1456 1031 1516 feceris?
1138 1465 1193 1518 565

180 1558 237 1617 Cu.
261 1558 302 1616 At
322 1556 403 1615 istrie
425 1553 575 1635 periclum
597 1556 630 1613 iu
651 1551 717 1612 iilia
738 1555 808 1614 iieri
831 1561 964 1632 graucst.

136 1675 161 1717 aa
180 1654 223 1715 sa
262 1655 381 1734 Nempe
402 1652 635 1713 incommoditas
658 1650 792 1730 denique
813 1653 874 1712 huc
895 1657 994 1713 amuis
1017 1652 1111 1731 redit,

264 1752 297 1811 Si
319 1753 458 1828 eueniat,
482 1748 565 1829 quod
586 1748 617 1809 di
639 1749 842 1828 prohibeant,
863 1748 1022 1810 discessio.

265 1850 307 1908 Aa
326 1853 352 1907 ai
373 1849 557 1925 corrigitur,
579 1849 655 1925 quu't
676 1845 909 1908 commoditates
928 1846 1017 1907 uide:

264 1946 420 2025 Principio
443 1947 539 2005 amico
561 1943 662 2003 filium
682 1944 869 2022 restitueris,
1138 1951 1195 2007 570

265 2044 339 2106 'l'ibi
361 2047 508 2123 generum
530 2043 650 2103 firmum
674 2050 707 2102 et
728 2041 814 2102 filiae
836 2044 977 2103 inuenies
998 2045 1107 2103 uirum.

135 2162 162 2202 aa
182 2143 239 2203 Cu.
262 2141 344 2220 Quid
365 2142 459 2202 istic?
481 2144 507 2201 ai
529 2143 572 2201 ita
593 2142 675 2207 istuc
697 2142 830 2200 inimum
848 2141 969 2202 induxti
991 2160 1060 2203 esse
1081 2142 1171 2220 utile,

264 2238 343 2300 Nolo
366 2241 422 2300 tibi
442 2238 537 2299 ullum
557 2235 748 2297 cimmodum
767 2240 799 2297 in
820 2257 869 2298 me
889 2237 1036 2299 claudier.

181 2336 224 2397 Si.
264 2338 381 2398 Merito
403 2343 436 2397 te
456 2354 578 2415 semper
598 2335 729 2395 miuumi
749 2334 828 2412 ieci,
851 2335 1010 2396 Chremes.

100 2512 109 2525 Ι
135 2440 138 2445 ’
178 2435 238 2495 Cu.
261 2435 324 2495 Sed
346 2436 420 2515 quid
442 2436 506 2495 aia?
528 2435 572 2495 sr.
595 2432 699 2510 Quid?
719 2433 776 2496 cu
800 2433 860 2510 Qui
875 2438 935 2494 acia
950 2453 1004 2494 eos
1025 2452 1106 2492 nuuc
1128 2432 1196 2493 dia-

638 2531 769 2591 cordare
791 2533 874 2592 iuter
894 2532 952 2591 ae?
1139 2540 1194 2595 575
1263 2548 1265 2555 “

180 2632 223 2692 Si.
263 2632 350 2711 lparis
383 2634 459 2692 mihi
482 2633 603 2709 Dauos,
640 2634 692 2709 qui
725 2635 873 2691 iutumuat
905 2633 1013 2691 coriam
1041 2630 1195 2709 consiliis,

641 2727 732 2788 dixit:

137 2847 163 2886 ra
266 2828 307 2887 Et
333 2830 358 2886 ia
385 2826 461 2886 mihi
487 2825 597 2887 suadet
622 2829 745 2906 miptiaa
774 2830 921 2907 quautaim
943 2845 1052 2906 queam
1076 2835 1109 2887 ut
1129 2848 1197 2887 ma·

545 2930 549 2938 '
639 2927 750 2986 trirem.

267 3024 345 3083 Num
371 3026 482 3084 censer
501 3022 637 3097 iaceret,
664 3022 765 3083 issium
786 3024 845 3082 nisi
867 3026 964 3084 sciret
985 3021 1093 3082 eadem
1113 3023 1195 3085 haec

640 3119 747 3181 uelle?

268 3217 350 3277 Tute
378 3215 456 3276 ideo
484 3218 545 3276 iam
573 3218 638 3276 eius
667 3220 764 3277 uerba
790 3215 906 3277 aridiea.
940 3219 1033 3294 heus,
1062 3220 1196 3278 &uocate

638 3315 699 3374 huc
718 3315 842 3373 Diuum.

263 3414 368 3492 Atque
391 3372 512 3474 dacum:
533 3411 625 3474 uideo
649 3414 750 3493 ipaaim
770 3414 854 3472 ioraa
876 3415 973 3472 exire.

98 3491 157 3575 A.
