2550 3984
487 194 670 237 emmo
1056 190 1095 240 11

29 332 31 391 ἶ
74 363 154 407 mum
177 345 312 406 cadr'cem
326 343 503 404 Bembinum
523 358 587 404 esse
608 360 648 403 ac
667 347 754 417 lonpe
770 347 911 419 plurimis
927 345 1094 423 Calliopia-

74 460 185 504 nanim
213 446 316 503 naems
340 442 546 516 mammam
571 441 727 514 sufficere,
762 442 817 501 sed
841 445 888 502 ael
912 445 956 503 sic
980 450 1095 503 restare

75 558 155 619 quae
177 558 249 600 cum
274 542 338 622 tolti
356 538 495 598 Bemtini
517 552 573 613 ope
598 551 760 613 nequeant,
784 528 867 598 ultra
891 541 980 600 nnius
1003 543 1094 613 fldem

29 622 31 643 '
70 640 300 715 proprediendi
316 645 346 697 et
368 640 474 697 salutis
492 654 510 697 e
531 640 701 698 coiectura
723 639 873 712 petendae
894 641 1094 700 necessitatem

29 750 30 793 1
76 742 251 796 monastrant.
267 738 338 796 nanc
352 738 446 809 icitur
456 734 613 809 prostans
632 737 705 794 etin
722 738 869 795 auxilium
883 737 1022 796 adhibitis
1035 753 1094 797 noa

76 837 174 894 mum
196 840 328 892 aeterum
347 834 543 906 scriptorum,
570 832 709 903 inprimis
725 835 990 904 prammuticarum
1009 837 1094 894 testi-

29 950 31 1003 t
74 932 246 1002 'moniiss‚de
266 932 365 990 multis
386 931 495 989 aarum
511 928 691 1002 fabularum
711 931 856 1002 uernam,
878 930 933 989 sed
949 934 1038 990 etiam
1052 936 1095 991 eis
1190 930 1192 935 ’

29 1020 31 1053 ³
77 1046 157 1105 prae
167 1032 291 1104 priores
310 1028 438 1088 editores
452 1029 564 1102 aliique
578 1026 710 1086 nomines
722 1028 802 1086 docti
810 1028 854 1086 ad
862 1028 982 1087 easdem
990 1046 1093 1090 emea-

79 1113 204 1188 dandas
225 1127 299 1185 data
324 1140 418 1200 mern
445 1128 701 1198 excapitaverunt,
728 1126 823 1184 uerbis
836 1130 945 1200 poetae
966 1129 1094 1201 irttepri-

78 1231 171 1283 tatem
193 1228 336 1297 qnantum
352 1225 439 1297 potui
457 1223 612 1282 restituere
626 1227 749 1280 conatus
761 1237 836 1280 sum.
857 1240 914 1297 quo
933 1226 965 1283 in
981 1228 1095 1300 repotia
1152 1254 1160 1265 ·

79 1338 157 1382 noaa
180 1306 318 1381 subsidia
332 1322 394 1380 nisi
407 1336 484 1394 quae
504 1320 636 1378 omnibus
654 1325 794 1395 paterent
813 1320 887 1380 milti
901 1329 1023 1396 praesto
1035 1339 1094 1382 non

76 1420 210 1491 fuerunt
224 1424 351 1490 praeter
371 1433 463 1477 unum
482 1419 650 1491 semiplum
668 1417 804 1477 editionis
824 1425 949 1479 amatae
970 1421 1008 1479 ao
1026 1420 1094 1479 Aa·

29 1578 32 1587 ,
79 1517 162 1574 ionio
174 1515 312 1574 Geneatae
321 1512 475 1587 (anduni
484 1514 571 1589 apud
579 1513 645 1572 Sea.
657 1514 821 1589 Gryphium
831 1531 860 1572 a.
870 1516 1093 1587 MDXXXXI)

29 1642 30 1651 κ
80 1614 276 1672 adservatum
297 1613 375 1671 illud
392 1614 424 1671 in
447 1612 619 1671 dotalicia
638 1613 725 1684 reaia
741 1612 917 1673 Monacensi
930 1618 1093 1688 (aquatum

29 1692 30 1703 ²
80 1712 117 1769 A.
133 1712 201 1769 aar.
221 1727 250 1768 a.
274 1707 358 1780 aaa),
381 1711 466 1768 caus
487 1708 673 1781 miciacus
693 1709 799 1767 Petras
825 1711 971 1770 illotarius
990 1714 1093 1785 scrap-

29 1812 30 1869 3
80 1813 169 1866 taras
182 1806 381 1879 complurium
393 1805 543 1875 nmmum,
557 1808 589 1864 in
603 1806 646 1864 eis
658 1803 797 1864 Bembini
806 1809 998 1881 ascripserat,
1013 1806 1094 1867 unde

29 1920 30 1977 j
81 1908 198 1977 aliquot
215 1905 287 1963 locis
300 1903 339 1961 de
356 1904 480 1961 lectione
499 1903 587 1961 leuitas
605 1904 710 1978 optimi
722 1902 794 1962 libri
806 1920 883 1978 quae
897 1907 1020 1966 aliunde
1034 1924 1092 1966 non

80 2008 151 2061 erat
170 2006 241 2059 nota
261 2001 371 2059 certior
386 2000 490 2071 sactus
510 2014 584 2059 sum

29 2096 31 2169 ξ
170 2098 232 2155 Pro
249 2095 449 2168 fundamento
462 2097 551 2156 naias
567 2098 759 2171 recensionis,
782 2105 816 2157 ut
822 2114 888 2173 par
901 2105 981 2172 erat,
1003 2099 1095 2160 nahra

29 2177 30 2207 '
80 2194 216 2255 Rr'cardi
229 2193 347 2252 Bentlei
364 2193 520 2253 editionem
541 2195 668 2254 alteram
690 2211 767 2268 puae
783 2195 994 2257 Arnstelodami
1014 2214 1093 2256 aurio

80 2291 331 2351 MDCCXXVII
353 2291 486 2365 prodiit:
513 2306 534 2349 a
559 2293 646 2350 cuius
673 2292 886 2367 exemplandi
910 2297 1093 2354 recessissem

29 2466 30 2469 Ἴ
81 2391 199 2449 additis
217 2390 386 2449 nummus
398 2395 451 2449 ant
469 2386 612 2448 librarum
626 2392 805 2463 scriptorum
819 2395 962 2450 memoria
983 2396 1093 2452 auleis

29 2492 30 2567 l
80 2485 250 2545 nominibus
275 2487 368 2546 doctis
393 2488 447 2560 qni
468 2488 586 2545 itteram
615 2490 803 2561 corruptelas
829 2487 901 2546 leae
921 2490 1093 2549 emendasse

29 2570 30 2577 ἵ
79 2585 257 2643 uiderentur
276 2586 309 2642 in
329 2583 388 2644 nac
402 2583 598 2658 praefatione
616 2599 766 2659 exponere
786 2585 1011 2656 constitueram·
1037 2603 1092 2648 ue-

29 2684 30 2691 ’
62 2678 151 2739 'rum
172 2681 394 2741 montaniaci
412 2680 471 2739 itae
488 2683 604 2741 ratione
617 2688 749 2756 peracta
764 2681 835 2754 fare
848 2688 982 2744 utmulto
996 2687 1093 2744 mains

29 2810 30 2867 p
80 2779 214 2852 spatium
234 2779 398 2851 inpleretur
418 2793 508 2851 quarn
529 2778 576 2837 itis
597 2779 712 2838 chartis
731 2796 900 2840 cumessam
920 2789 1007 2854 esset,
1029 2786 1091 2842 ita-

80 2894 140 2952 pue
156 2880 212 2937 illo
230 2879 352 2937 consilio
372 2878 484 2937 abiecto
498 2894 561 2937 una
581 2895 648 2938 cnm
669 2880 728 2939 nac
742 2883 883 2940 maiorem
905 2883 1013 2942 narum
1031 2883 1091 2956 fa·
1167 2888 1171 2895 ‘

80 2979 223 3036 imarum
237 2972 395 3036 editionem
404 2980 520 3053 paraui
531 2978 607 3037 iusto
620 2986 774 3053 apparatu
792 2983 895 3041 critico
909 2984 1090 3055 instructam,

79 3089 174 3150 quam
194 3088 265 3133 mon
285 3077 316 3133 in
332 3075 489 3149 publicum
509 3077 637 3151 prodire
651 3093 741 3151 posse
762 3095 858 3153 spero.
880 3080 950 3139 nuic
971 3081 1094 3140 editioni

29 3226 31 3269 ν
79 3172 171 3245 infra
192 3174 305 3232 nudam
327 3174 559 3248 discrepantiam
577 3178 747 3250 scripturae
767 3176 964 3236 Bentleianae
984 3178 1090 3248 adieci,

29 3278 32 3407 ῐ
78 3273 165 3330 unde
182 3273 271 3344 quasi
287 3286 347 3330 uno
367 3280 523 3348 conspectu
543 3276 673 3334 eluceret
691 3280 815 3349 quantos
835 3277 916 3335 intra
934 3282 1049 3334 centurn
1063 3281 1093 3335 et

29 3412 31 3433 s
79 3371 208 3441 iripinta
231 3380 336 3443 annas
359 3371 446 3428 crisis
476 3368 656 3429 Terentiana
681 3373 728 3430 net
750 3377 823 3446 past
845 3373 949 3444 mapni
974 3370 1092 3430 Benttei

77 3469 253 3543 exemplum
279 3467 425 3554 effecisset
446 3485 612 3543 processus.
645 3473 753 3528 seclusi
777 3468 849 3527 inde
880 3484 993 3527 omnem
1024 3485 1089 3527 eam
