2550 3984
251 1091 370 1157 aaran
397 1089 501 1157 attia
525 1091 680 1158 11111111
704 1091 792 1158 flant
806 1089 906 1159 sitin

102 1378 139 1429 V.
194 1376 208 1425 l
229 1376 262 1425 ad
280 1375 331 1425 174
350 1376 451 1424 iambici
469 1378 563 1425 senarii

110 1489 122 1498 -
161 1459 211 1509 175
229 1466 253 1507 01
272 1458 321 1508 177
339 1457 460 1506 trochaici
477 1460 599 1507 octonarii

109 1574 122 1582 -
161 1541 211 1592 176
227 1540 371 1590 trochaicus
389 1543 547 1604 septenarius

110 1655 121 1663 —
161 1622 210 1672 178
229 1621 371 1670 trochaicus
389 1622 495 1676 dimeter
513 1620 674 1673 catalecticus

110 1737 122 1745 -
160 1704 210 1756 179
227 1713 251 1754 01
270 1702 321 1753 180
337 1703 460 1753 trochaici
479 1707 616 1769 septenarii

110 1819 122 1829 ·
161 1789 208 1840 181
226 1789 259 1837 ad
276 1787 324 1837 241
341 1788 443 1836 iambici
460 1790 584 1838 octonarii

107 1904 120 1913 -
158 1872 208 1921 242
228 1870 260 1919 ad
278 1869 328 1921 256
346 1870 469 1920 trochaici
487 1871 622 1935 septenarii

109 1983 122 1991 -
159 1956 210 2005 257
226 1953 260 2003 ad
277 1953 327 2004 264
345 1953 448 2002 iambici
467 1954 589 2003 octonarii

109 2064 122 2073 —
160 2036 210 2086 265
228 2035 261 2084 ad
277 2033 325 2085 311
343 2034 445 2083 iambici
462 2036 554 2083 senarii

108 2147 120 2155 -
159 2112 209 2168 312
228 2117 370 2167 trochaicus
388 2119 546 2181 septenarius

109 2234 121 2241 -
158 2201 211 2252 313
229 2200 372 2250 trochaicus
391 2202 533 2249 octonarius

107 2315 119 2326 -
158 2282 209 2333 314
227 2283 260 2332 ad
276 2281 327 2333 339
344 2282 467 2332 trochaici
484 2282 621 2346 septenarii

108 2399 120 2407 -
158 2364 211 2417 340
228 2366 260 2415 ad
279 2365 330 2416 380
345 2366 448 2415 iambici
462 2366 556 2414 senarii

108 2478 119 2487 ·
158 2447 207 2498 381
228 2448 261 2498 ad
279 2446 330 2499 397
346 2447 468 2496 trochaici
484 2447 623 2510 septenarii

107 2560 120 2568 ·
158 2529 209 2580 398
228 2531 262 2579 ad
278 2528 329 2579 464
346 2530 448 2579 iambici
464 2529 584 2577 octonarii

105 2643 120 2653 -
156 2611 259 2663 405111
278 2611 326 2661 561
343 2612 445 2660 iambici
463 2613 557 2659 senarii
599 2605 601 2609 ’

107 2726 119 2735 -
157 2695 210 2747 562
228 2701 251 2742 et
267 2692 317 2744 563
334 2693 455 2743 trochaici
470 2695 591 2743 octonarii

107 2808 118 2817 -
156 2776 208 2826 564
225 2774 368 2825 trochaicus
383 2776 542 2839 septenarius

106 2883 120 2893 ·
157 2856 209 2908 565
228 2858 351 2908 iambicus
367 2857 511 2907 octonarius

106 2972 119 2981 -
156 2942 208 2994 566
226 2942 350 2991 iambicus
369 2941 545 3003 quaternarius

108 3053 120 3063 -
156 3023 208 3074 567
229 3024 262 3073 ad
279 3022 331 3074 569
348 3022 470 3072 trochaici
488 3021 609 3071 octonarii

106 3137 120 3147 -
158 3106 218 3157 570.
234 3107 294 3157 571.
312 3105 363 3157 573
382 3105 505 3155 trochaici
523 3103 662 3168 septenarii

106 3221 120 3232 ·
157 3191 208 3241 572
227 3197 251 3239 et
268 3190 319 3240 574
336 3189 459 3239 trochaici
476 3188 598 3237 octonarii

106 3304 121 3314 -
156 3273 208 3323 575
228 3273 261 3323 ad
278 3272 330 3323 578
345 3272 449 3323 iambici
468 3271 589 3321 octonarii

109 3386 121 3397 -
157 3356 210 3407 579
228 3356 370 3407 trochaicus
388 3355 546 3419 septenarius

107 3467 120 3479 ·
156 3437 208 3490 586
226 3440 259 3488 ad
277 3438 328 3490 582
344 3438 466 3487 trochaici
484 3437 605 3487 octonarii
