2550 3984
151 161 173 223 6
471 158 580 220 ῊΤΔ
611 157 841 221 ruuunrrl

198 333 229 387 ln
239 332 364 388 medium
374 333 455 387 nobis
468 330 574 387 sedatis
586 333 704 387 uocibus
716 332 808 386 ecfers
872 380 874 387 ,

199 415 338 486 Quicquid
350 431 430 470 come
443 418 560 487 loquens
572 421 655 486 utque
667 415 762 470 omnia
772 413 865 469 dulcia
879 414 989 471 dicens.

156 498 224 553 ltcm
237 498 267 555 C.
281 498 400 555 Caesar:

199 581 241 638 Tu
253 599 380 654 quoque,
392 588 421 638 tu
432 584 462 637 in
473 583 605 651 summis,
618 599 634 636 o
648 581 793 637 dimidiate
803 580 968 648 Menander,

129 674 146 727 5
199 667 316 723 Poncris
329 667 481 733 struente,
494 666 556 737 puri
570 666 709 722 sermonis
721 671 839 720 amator.

199 751 321 807 Lenibus
333 758 418 821 atqua
428 751 533 805 utinam
545 750 657 821 scriptis
670 749 802 805 adiuncta
814 751 885 803 toret
895 749 950 814 uis,

201 832 314 890 Comica
324 841 354 889 ut
365 840 482 907 aequato
498 834 584 889 uirtus
599 833 719 904 polleret
729 832 836 887 honore

201 915 269 972 Cum
281 917 404 984 Graecis,
418 934 510 988 neque
522 918 551 971 in
563 916 616 973 hac
630 916 781 988 despectus
793 923 872 988 parte
886 916 1011 971 iaceres:

199 1002 293 1056 Vnurn
304 1002 359 1057 hoc
371 1017 499 1056 maceror
510 1006 537 1054 et
550 999 632 1055 doleo
644 1002 692 1057 tibi
704 999 822 1068 deesse,
834 999 955 1056 Terenti.
1014 1062 1017 1066 A

371 1151 666 1208 ADDITAMENTVM
687 1152 782 1207 AELll
802 1151 948 1243 D·ONAT1.

221 1265 316 1319 -rlaeo
332 1263 483 1320 Suetonius
494 1262 684 1335 Tranquillus.
720 1266 790 1320 Nam
809 1264 882 1320 duos
899 1263 1045 1324 Terentios
1066 1272 1169 1338 poetas

157 1349 245 1403 tuisse
258 1348 353 1403 scribit
364 1348 481 1416 Metius,
502 1364 620 1419 quorum
639 1350 708 1404 alter
722 1349 906 1419 Fregellanus
924 1351 1006 1404 luerit
1017 1350 1168 1407 Terentius

44 1480 52 1497 ,
157 1432 241 1499 Libo,
261 1433 329 1487 alter
344 1433 488 1487 libertinus
502 1432 651 1488 TerentIus
662 1432 731 1487 Ater
742 1439 848 1503 patna,
869 1431 904 1487 de
923 1450 978 1504 quo
990 1450 1065 1491 nunc
1077 1437 1170 1508 loqui·

157 1532 229 1570 rnur.
271 1515 412 1587 Scipionis
431 1517 541 1572 tabulas
556 1515 683 1572 edidisse
699 1516 860 1571 Terentium
878 1516 997 1589 Valgius
1015 1519 1044 1573 in
1065 1523 1169 1574 Actae·

116 1604 149 1657 15
162 1615 215 1653 one
230 1600 282 1654 ait:
795 1663 797 1667 4

202 1683 278 1738 Tuae
290 1681 362 1754 quae
377 1690 513 1739 uocantur
525 1681 636 1741 tabulae
649 1682 767 1740 cuiae'nc
779 1681 863 1739 sunt?

200 1762 263 1823 Non
273 1765 325 1823 aas
337 1768 383 1839 qui
396 1768 458 1823 iura
470 1768 584 1840 Pdplius
598 1768 682 1824 dabat
691 1768 820 1840 pentibus

199 1851 311 1907 Honore
324 1868 434 1907 summo
448 1851 575 1908 adtectus
590 1848 794 1908 tecittabulas?
826 1906 827 1909 ,
935 1908 939 1915 ,

157 1933 235 1989 Duae
253 1938 288 1991 ab
305 1935 480 2007 Apollodoro
503 1937 656 1993 translatae
675 1952 740 1990 esse
752 1935 882 1991 dicuntur
893 1937 1016 2004 cornico,
1035 1937 1167 1992 Phormio

114 2021 188 2075 acet
203 2019 330 2091 Hecyra:
349 2027 478 2090 quattuor
496 2020 622 2090 reliquae
644 2035 662 2073 a
677 2019 845 2074 Menandro.
877 2021 921 2075 Ex
938 2022 1039 2090 quibus
1062 2036 1167 2092 magno

161 2119 297 2158 successu
308 2109 336 2157 et
348 2105 437 2174 pretio
454 2105 526 2158 stetit
536 2103 689 2158 Eunuchus
703 2104 810 2158 tabula:
827 2104 940 2176 Hecyra
952 2120 1038 2175 saepe
1050 2107 1167 2161 exclusa

161 2188 209 2240 uix
220 2194 282 2242 acta
293 2193 346 2241 est.
