2550 3984
416 653 792 726 PROLOGVS.

184 835 350 917 Postqut'm
365 841 456 918 poeta
471 841 562 898 uetus
575 841 698 917 poetam
717 842 780 899 nen
793 843 900 917 potest

182 939 357 998 Retrelrere
375 939 411 997 ab
428 936 531 997 studio
547 944 581 996 et
595 935 760 997 trensdere
775 938 932 998 homiuem
946 938 978 996 in
995 938 1104 1013 etium,

181 1033 359 1095 Maledictis
376 1034 540 1094 deterrere
556 1053 597 1093 ue
613 1037 727 1095 scribet
742 1021 846 1114 parat:

182 1133 242 1208 Qui
259 1134 301 1192 ita
317 1131 449 1209 dictitat,
469 1151 543 1210 quas
558 1132 689 1191 dntehac
706 1132 783 1192 iecit
797 1130 928 1208 fibulas,

181 1231 283 1290 'renui
301 1232 370 1290 esse
386 1233 526 1291 oratiene
543 1235 576 1288 et
590 1232 745 1310 scripture
759 1228 840 1290 leui:
1084 1244 1103 1294 5

180 1329 258 1403 Quia
272 1329 420 1406 nrisquam
435 1329 574 1387 insanum
591 1328 716 1407 scripsit
732 1325 997 1388 adulescentulum

177 1426 310 1486 Geroim
326 1424 435 1485 uidere
450 1425 561 1503 figere
579 1432 611 1484 et
626 1429 740 1508 sectari
755 1445 846 1486 canes

177 1525 218 1584 Et
233 1529 299 1584 cem
316 1524 450 1603 plorare,
471 1530 560 1584 orere
575 1531 610 1584 ut
627 1526 791 1585 subueniet
806 1527 874 1586 sibi.

177 1620 267 1696 Quod
282 1623 308 1680 si
323 1620 535 1699 intellegeret,
558 1623 650 1700 quem
667 1623 756 1681 stetit
771 1621 843 1681 olim
858 1642 948 1700 noua,

175 1720 300 1778 Actdris
316 1738 411 1798 opera
426 1721 520 1797 megis
536 1720 662 1778 stetisse
678 1723 767 1797 quim
783 1738 847 1798 sua,
1065 1731 1100 1782 10

174 1815 280 1874 Minus
296 1815 391 1874 mirlto
408 1815 564 1891 audacter,
586 1819 676 1893 quim
690 1835 771 1875 nunc
785 1813 895 1893 laedit,
915 1813 1068 1878 laederet.

174 1912 262 1970 Nono
278 1914 374 1991 siquis
391 1919 449 1989 est,
461 1909 524 1991 ‘qui
539 1914 598 1972 hoc
615 1912 696 1973 dicat
712 1921 763 1973 aut
779 1915 824 1974 sic
841 1915 971 1992 cegitet:

174 2008 286 2069 ‘Vetus
302 2012 329 2068 si
343 2013 435 2089 poeta
450 2015 512 2069 ndn
527 2009 705 2071 lacessisset
720 2012 817 2090 prior,

172 2105 296 2166 Nullum
312 2110 454 2167 inuenire
469 2108 630 2188 prelogum
645 2111 752 2188 posset
767 2112 892 2169 nouos?

40 2225 52 2249 ι
174 2203 286 2280 {Quem
301 2199 433 2282 diceret,
454 2207 514 2264 nisi
529 2207 661 2266 haberet
676 2207 726 2266 cui
742 2204 820 2265 male
835 2206 983 2286 diceret:]
1064 2217 1097 2269 15

171 2301 201 2358 ls
217 2302 275 2359 sibi
290 2319 473 2381 responsum
489 2305 547 2362 hoc
563 2304 686 2382 hebeat,
706 2306 739 2363 in
754 2302 856 2364 medio
872 2305 1012 2363 ‹imnibus

173 2395 309 2457 Palmam
325 2401 394 2459 esse
409 2401 551 2478 positam,
574 2402 626 2477 qui
641 2404 740 2459 erlem
755 2406 889 2460 tractant
904 2403 1060 2462 muisicam.

171 2491 232 2554 llle
247 2493 285 2554 td
301 2496 414 2555 famem
430 2498 512 2556 hunc
527 2499 565 2557 ab
581 2496 684 2556 studio
701 2495 819 2557 studuit
834 2500 971 2557 reicere:

171 2593 232 2652 llic
248 2593 440 2673 respondere
456 2592 566 2672 adluit,
589 2613 652 2652 non
666 2591 831 2654 lacessere.

52 2716 58 2722 ·
171 2689 350 2751 Benedictis
369 2694 395 2752 si
410 2695 571 2769 certesset,
594 2691 731 2753 audisset
746 2694 845 2752 bene:
1060 2704 1098 2758 Ἃ)

170 2788 263 2864 Quod
279 2792 316 2849 ab
332 2787 388 2849 illo
404 2789 576 2867 adlatumst‚
600 2788 633 2848 id
648 2791 706 2849 sibi
723 2787 870 2849 rellatrim
885 2794 985 2868 putet.

150 2867 217 2946 'ne
231 2885 287 2947 ruo
302 2889 360 2947 nm
375 2888 468 2947 onem
485 2888 596 2946 factam
611 2885 739 2947 arcanas
753 2887 839 2964 miro,

169 2981 324 3043 Peccdodi
342 3004 434 3063 quom
449 2986 516 3063 ipse
530 2983 570 3042 de
586 3002 620 3044 se
634 2985 727 3043 finem
742 2986 803 3043 ndu
819 2983 917 3043 facit?

169 3081 348 3161 Numquid
367 3081 460 3143 uelim
477 3084 608 3142 animum
625 3082 786 3144 attendite.
814 3079 946 3162 adporte
965 3104 1076 3145 nouam

169 3179 452 3259 Epidicazomenon
469 3185 558 3257 quim
572 3187 686 3241 uocant
702 3179 892 3241 comoediam
1060 3193 1096 3243 25

167 3278 293 3356 Graeci,
314 3278 418 3339 Latini
433 3278 653 3338 Phermionem
667 3279 841 3339 neminant:

165 3374 246 3450 Quia
263 3377 377 3455 primas
392 3377 491 3456 partis
508 3380 562 3455 qui
577 3383 659 3455 eget,
680 3377 708 3435 is
723 3376 785 3435 erit
799 3374 967 3512 l'hdrmiossv
