2550 3984
149 166 215 228 noo
559 163 739 225 nuonmo.
763 117 766 122 ³
993 169 1170 225 naa-oo
1195 219 1199 224 ,

235 345 355 406 Adeste
384 364 506 425 quaeso.
540 346 598 408 Gn.
623 345 721 406 lrttna
748 349 805 405 eat.
846 343 905 405 na.
932 345 1012 422 Quin
1037 351 1072 404 tu
1097 346 1168 405 hoe

502 487 504 490 .
604 444 698 521 agen?
1105 454 1169 508 350

236 543 299 601 lam
314 560 371 620 ego
386 543 468 601 huine
486 542 615 620 agitabo.
638 542 696 621 pro
713 539 804 599 deum
820 538 1039 617 inmorttlium,

124 651 138 688 ⁵
235 638 335 717 Negat
349 639 499 699 Phanium
517 656 586 697 esse
602 640 681 697 hane
696 638 756 696 essii
772 642 931 714 cognatam
944 637 1122 715 Demipho?

236 736 325 795 Hane
341 737 494 816 Demipho
509 743 603 814 negat
617 737 687 795 esee
703 736 884 813 cognatim?
908 735 964 797 Gn.
983 735 1091 812 Negat.

151 834 208 895 Dn.
234 832 337 913 lpanm
352 836 421 894 esse
436 836 547 914 opinor
562 833 602 895 de
619 852 679 912 quo
695 834 829 910 agebam.
852 833 1024 910 sequimini.

151 930 210 991 Pu.
235 930 344 1008 Neque
357 933 691 1009 eiuspatremaeaeire
707 927 888 1007 quisuerit‘l
907 928 963 988 Gn.
972 929 1079 1005 Negat.
1107 938 1165 991 355

155 1026 225 1104 [Pu.
242 1028 308 1088 Nee
322 1026 497 1107 Stilponem
512 1030 612 1107 ipsum
630 1028 712 1086 seire
729 1027 781 1106 qui
796 1025 916 1084 fueriti
943 1025 999 1087 Gn.
1016 1025 1140 1103 Negat}

114 1138 141 1177 ¹⁰
153 1124 212 1185 ΡΗ.
240 1127 318 1202 Quia
335 1126 430 1202 egena
445 1123 588 1185 relietaat
601 1129 725 1200 misera,
740 1125 902 1201 ignoratio*
914 1141 1040 1202 parens,

239 1221 422 1301 Neglegitur
436 1226 517 1302 ipse:
535 1223 607 1283 uide
624 1224 754 1283 auaritia
768 1220 844 1300 quid
857 1222 942 1298 lacit.

154 1319 212 1380 Gn.
240 1318 273 1377 Si
288 1337 374 1377 erum
389 1318 578 1400 insimulabis
592 1318 740 1396 militiae,
757 1316 838 1378 male
855 1315 970 1379 audien.

153 1416 210 1475 Dn.
241 1415 268 1476 0
283 1405 450 1493 tudinium,
466 1418 559 1476 etiam
570 1436 620 1475 me
636 1415 721 1476 ultro
736 1422 911 1482 accusatum
925 1414 1061 1477 tduenit.
1107 1425 1165 1479 360

154 1512 211 1573 ΡΗ.
239 1512 315 1571 Nam
329 1514 390 1574 iam
405 1512 597 1573 iduleseenti
615 1512 661 1571 nil
679 1520 728 1573 est
745 1511 828 1592 qnod
843 1514 1047 1591 suscenseam,

114 1635 140 1674 15
239 1609 275 1669 Si
287 1609 379 1671 illom
393 1613 492 1672 minus
507 1595 612 1671 norat:
631 1615 746 1691 quippe
761 1613 853 1670 homo
870 1613 930 1671 iam
947 1612 1104 1691 grindior,

239 1707 373 1787 Pauper,
390 1711 463 1787 quoi
476 1711 509 1767 in
523 1697 619 1788 opere
633 1712 698 1767 uita
713 1714 790 1785 erat,
807 1713 875 1768 ruri
888 1709 958 1769 fere
994 1705 1001 1721 ‘

241 1805 282 1865 Se
297 1807 490 1865 continebat:
512 1808 556 1864 ibi
571 1804 732 1883 agrum‘de
747 1808 855 1865 nostro
870 1812 959 1885 patre

241 1901 414 1963 Colendum
429 1903 578 1962 habebat:
600 1904 693 1980 saepe
707 1904 830 1962 interea
842 1904 920 1962 mihi
937 1920 1032 1963 senex
1075 1916 1078 1921 '
1108 1913 1163 1967 365

240 1991 392 2060 Narrtbat
406 2019 439 2059 se
453 2002 536 2058 hune
550 1997 720 2077 neglegere
738 2002 901 2077 cognatum
917 2020 1019 2059 auom:

114 2120 142 2161 20
239 2097 283 2154 At
297 2097 387 2174 quem
402 2097 516 2157 anirum!
537 2114 627 2173 quem
644 2115 701 2174 ego
719 2095 851 2156 uiderim
867 2098 900 2155 in
914 2098 978 2155 uita
993 2098 1160 2176 optumum.

155 2193 213 2255 Gn.
241 2192 357 2255 videas
372 2200 404 2253 te
418 2200 511 2272 utque
524 2192 624 2275 illum,
640 2199 675 2256 ut
688 2187 803 2282 uirgas}
823 2194 880 2256 Pn.
893 2194 906 2252 1
920 2195 953 2253 in
967 2194 1075 2253 malam
1091 2215 1162 2254 eru-

609 2311 684 2352 cem.

238 2390 315 2450 Nam
329 2391 362 2449 ni
379 2394 420 2449 lta
436 2409 507 2449 enm
521 2391 762 2482 existunfflsem,
777 2408 941 2467 numquam
956 2394 1016 2449 tam
1031 2394 1134 2469 grauia

241 2487 289 2548 Ob
304 2488 384 2552 hane
397 2489 572 2550 iuimicitias
585 2493 730 2567 caperem
742 2488 776 2546 in
791 2493 927 2548 nostram
939 2484 1096 2564 similium,
1108 2497 1163 2552 370

242 2587 339 2662 Quam
353 2586 380 2645 is
396 2589 578 2668 tspennptur
592 2585 674 2644 nune
688 2591 752 2645 tam
767 2582 986 2645 inlibertliter.

117 2689 143 2728 ²⁵
157 2680 215 2742 Gn.
240 2680 357 2758 Pergin
373 2699 428 2741 ero
444 2683 565 2741 absenti
580 2680 659 2741 mlle
674 2681 771 2758 loqui,
788 2682 1018 2761 inportunume'l

155 2778 214 2839 ΡΗ.
241 2778 374 2855 Dignum
396 2779 499 2838 alitem
521 2781 580 2838 hoc
599 2777 696 2840 illost.
729 2779 787 2840 Gn.
809 2778 870 2836 Ain
889 2784 1006 2854 tamen,
1028 2779 1160 2838 cancer?

611 2879 666 2938 Dn.
684 2876 772 2937 Geta.
854 2897 857 2908 ·

157 2975 215 3036 Gn.
241 2974 397 3033 Bonorum
415 2979 566 3060 extontor,
579 2974 682 3053 legum
697 2975 865 3045 contortor.
887 2974 943 3033 Dn.
961 2972 1050 3034 Geta.

154 3073 214 3134 Pu.
242 3070 417 3164 Responde.
448 3073 505 3132 Gn.
523 3075 597 3151 Quis
613 3073 758 3132 homost?
779 3072 878 3131 e'hem.
909 3070 965 3129 Dn.
981 3070 1075 3132 'face
1103 3071 1157 3132 Gn.

611 3171 743 3236 Absenti
759 3169 817 3254 tibi
1111 3176 1161 3230 375

213 3253 217 3274 ³
242 3268 290 3328 Te
307 3267 448 3345 indignas
463 3286 560 3345 aeque
577 3266 683 3344 dignas
700 3264 902 3326 contumelias
945 3291 947 3295 ’

115 3380 144 3421 ao
241 3365 413 3443 Numqutm
427 3366 562 3425 cessauit
575 3363 692 3426 dicore.
714 3364 771 3426 Dn.
787 3364 857 3424 Ohe
875 3361 993 3424 desine.
