2550 3984
493 223 600 286 vlrn
635 223 866 288 ruuunrll.

120 404 164 472 (l)
259 397 379 471 Scripsit
399 396 562 454 comoedias
581 415 649 466 sex,
666 415 703 452 ex
720 400 821 469 quibus
837 398 956 468 primam
967 397 1106 452 Andriam
1123 413 1189 452 cum

165 478 313 540 xaedilibus
332 483 425 549 daret,
444 484 538 537 iussus
557 487 620 537 ante
634 482 752 538 Caecilio
770 481 889 536 recitare
907 479 944 535 ad
961 487 1109 536 cenantem
1123 497 1190 537 cum

177 569 315 635 uenisset,
334 567 425 623 dictus
437 571 480 621 est
491 566 599 621 initium
610 565 724 636 quidem
742 567 869 631 tabulae,
886 563 962 634 quod
974 570 1034 620 crat
1045 570 1190 636 contemp-

176 653 246 706 tiore
266 652 384 720 uestitu,
412 651 545 706 subsellio
569 650 647 705 iuxta
668 651 800 705 lectulum
823 647 954 704 residens
979 650 1101 720 legisse,
1122 656 1191 721 post

145 750 280 807 5paucos
292 751 361 791 uero
373 750 474 790 uersus
486 734 617 789 inuitatus
630 740 659 789 ul
669 733 849 789 adcumberet
859 749 979 788 cenasse
992 748 1065 800 una,
1082 731 1190 788 deinde

175 825 269 875 cetera
290 819 467 892 percurrisse
491 834 547 872 non
570 818 630 873 sine
653 832 756 891 magua
781 816 892 873 Caecilii
916 816 1111 872 admiratione.
1153 817 1191 872 El

174 903 248 959 hanc
273 910 367 961 autem
390 894 425 959 et'
445 902 567 973 qrrinque
592 902 717 972 reliquas
741 902 895 971 aequaliter
917 901 1022 971 populo
1045 903 1189 972 probauit.

175 986 310 1054 Quamuis
321 987 467 1041 Volcatius
482 984 518 1040 de
530 987 740 1041 enumeratione
753 986 876 1045 omnium
893 984 930 1039 ita
942 986 1060 1040 scribat:

218 1069 348 1127 Sumetur
361 1086 396 1125 ex
409 1070 454 1125 his
465 1068 579 1142 Hecyra
591 1075 672 1124 sexta
684 1068 787 1125 tauma.

130 1163 165 1215 10
174 1153 326 1210 Eunuchus
345 1154 458 1224 quidem
473 1153 517 1208 bis
538 1192 545 1207 .
566 1191 574 1208 .
597 1160 660 1217 acta
677 1159 721 1208 est
732 1153 887 1223 meruitque
899 1153 1033 1223 pretium,
1052 1159 1188 1224 quantum

175 1239 251 1293 nulla
263 1243 345 1292 antea
357 1238 521 1307 cuiusquam
533 1237 697 1305 comoedia,
715 1235 847 1293 uidelicet
863 1242 926 1290 octo
938 1236 1014 1291 milia
1025 1252 1187 1292 nummum:

174 1326 325 1394 propterea
344 1336 453 1375 summa
472 1336 583 1395 quoque
602 1321 679 1390 titulo
698 1322 856 1377 ascribitur.
901 1320 972 1375 Nam
990 1320 1189 1392 Adelphorum
1256 1342 1262 1351 ¹

174 1404 344 1477 principium
357 1404 448 1458 Varro
462 1405 545 1458 etiarn
556 1407 680 1477 praelert
690 1405 829 1476 principio
841 1403 998 1480 Menandri.

260 1488 322 1543 Non
340 1489 460 1542 obscura
473 1487 548 1543 lema
560 1495 603 1544 est
614 1488 741 1544 adiutum
751 1487 911 1547 Terentium
923 1488 1075 1558 inscriptis
1088 1505 1105 1543 a
1117 1489 1191 1545 Lae-

131 1582 165 1637 15
177 1572 214 1627 lio
233 1578 260 1626 et
278 1569 428 1642 Scipione3
446 1586 563 1642 eamque
582 1572 645 1643 ipse
657 1573 749 1627 auxit:
770 1587 922 1644 numquam
934 1574 1008 1627 enirn
1021 1573 1075 1628 nisi
1087 1573 1190 1628 leuiter

177 1673 208 1711 se
221 1656 302 1710 tutari
315 1660 446 1724 conatur,
458 1662 487 1710 ut
498 1655 526 1709 in
535 1657 655 1729 prologo
668 1655 877 1727 Adelphorum:

217 1740 288 1795 Nam
300 1739 376 1809 quod
389 1739 434 1795 isti
446 1739 542 1794 dicunt
552 1738 691 1807 maliuoli,
703 1739 832 1795 homines
845 1738 946 1795 nobilis

217 1823 297 1879 Hunc
311 1821 437 1879 adiutare
450 1820 625 1894 adsidueque
638 1839 694 1879 una
708 1820 845 1880 scribere:

219 1904 353 1975 Quodillr'
364 1906 542 1962 maledictum
557 1907 673 1963 oernens
684 1921 744 1962 csse
755 1904 931 1976 existumant,

129 1999 166 2053 20
218 1990 289 2046 Eam
303 1991 416 2047 laridem
427 1990 473 2045 hic
487 1990 563 2046 ducit
573 1989 749 2059 maxumam,
768 2007 852 2062 quom
864 1987 920 2049 illis
930 1992 1032 2063 placet,

219 2073 272 2142 Qui
284 2074 365 2130 uobis
377 2074 520 2130 uniudrsis
533 2080 560 2129 et
570 2074 674 2146 populd
686 2076 812 2149 placent:

218 2157 343 2225 Quorum
355 2157 442 2229 dpera
452 2159 480 2212 in
490 2159 579 2226 bello,
593 2159 621 2212 in
633 2159 705 2223 olio,
723 2159 752 2212 in
764 2158 878 2232 negotio

218 2240 276 2298 Suo
289 2239 407 2313 quisque
419 2249 544 2314 tempore
558 2242 639 2315 risust
651 2243 712 2298 sine
724 2243 867 2315 supe'rbia.

175 2325 295 2382 Videtur
311 2332 405 2381 autem
422 2343 453 2382 se
470 2326 561 2382 leuius
581 2326 761 2395 defendisse,
781 2327 847 2399 quia
860 2326 967 2382 sciebat
978 2325 1073 2379 Laelio
1086 2331 1113 2380 ct
1126 2325 1190 2382 Sci·

129 2420 164 2473 25
175 2410 253 2482 pioni
271 2427 326 2464 non
344 2411 482 2482 ingratam
494 2427 558 2467 esse
575 2410 648 2467 hanc
664 2411 840 2482 opinionem:
864 2425 936 2482 quae
949 2415 1042 2465 tamen
1054 2410 1148 2481 magis
1160 2416 1189 2465 et

119 2500 163 2568 (3)
176 2510 266 2565 usque
284 2493 323 2549 ad
338 2495 495 2567 posteriora
512 2500 639 2567 tempora
655 2496 753 2551 ualuit.
795 2494 825 2551 C.
843 2493 993 2549 Memmius
1012 2494 1040 2548 in
1058 2495 1187 2549 oratione

175 2595 228 2650 pro
239 2594 270 2633 se
283 2579 321 2634 ait
333 2580 377 2633 Ῥ.
388 2579 550 2648 Africanus,
563 2580 610 2650 qui
622 2596 640 2634 a
652 2579 782 2634 Terentio
793 2594 947 2652 personam
960 2584 1101 2633 mutuatus
1113 2595 1188 2650 quae

175 2662 252 2716 domi
263 2663 369 2721 luserat
379 2662 441 2732 ipse
453 2661 566 2716 nomine
585 2664 659 2719 illius
678 2665 708 2717 in
723 2679 838 2719 scenam
854 2660 974 2717 detulit'.
1005 2662 1102 2732 Nepos
1121 2679 1189 2718 auc-

174 2750 234 2801 tore
250 2751 330 2801 certo
346 2746 520 2817 comperisse
538 2763 570 2800 se
587 2747 641 2813 ait,
659 2745 690 2802 C.
702 2746 827 2802 Laelium
840 2745 981 2817 quondam
993 2746 1021 2801 in
1031 2746 1187 2801 Puteolano

128 2839 165 2894 30
176 2828 303 2885 calendis
313 2829 422 2885 lllartiis
433 2829 606 2885 admonitum
618 2832 654 2886 ab
666 2847 769 2900 uxore,
782 2832 934 2902 temperius
946 2834 976 2883 ut
986 2829 1187 2898 discumberet,

174 2913 281 2984 petisse
296 2915 331 2969 ab
350 2929 384 2969 ea
395 2928 430 2969 ne
441 2913 680 2987 interpellaretur:
698 2916 790 2971 serius
802 2913 917 2970 tandem
929 2915 1090 2985 ingressum
1102 2913 1188 2969 tricli-

175 2997 253 3053 nium
269 2997 377 3055 dixisse
394 3013 451 3052 non
469 3012 557 3069 saepe
576 2998 605 3053 in
628 2999 778 3057 scribendo
799 2999 890 3070 magis
914 2999 1090 3057 successisse
1116 2999 1187 3054 sibi:

176 3079 279 3136 deinde
291 3086 420 3154 rogatum
429 3088 459 3137 ut
470 3082 575 3155 scripta
586 3082 634 3138 illa
644 3084 783 3155 proferret
792 3083 992 3157 pronuntiasse
1004 3097 1120 3150 uersus,
1139 3084 1186 3153 qo=

175 3164 280 3221 suntin
291 3165 619 3222 Heautontimorumeno:

128 3268 164 3323 35
218 3262 294 3321 Satis
306 3263 355 3335 pol
364 3270 497 3336 proterue
509 3264 554 3321 me
566 3263 633 3337 Syri
645 3261 788 3337 promissa
799 3264 854 3320 huc
866 3263 1046 3321 induxerunt.

121 3349 166 3418 (4)
178 3345 280 3404 Santra
294 3347 454 3405 Terentium
472 3348 626 3417 existimat,
647 3348 773 3405 simodo
792 3350 822 3405 in
841 3348 992 3405 scribendo
1010 3345 1187 3404 adiutoribus

175 3430 342 3504 indiguerit,
364 3438 494 3489 nontam
511 3430 645 3505 Scipione
670 3438 699 3488 ct
714 3433 810 3489 laelio
829 3433 1026 3500 uomuisse,
1050 3432 1098 3502 qui
1120 3438 1187 3488 tunc
