<?xml version="1.0" encoding="UTF-8"?>
<!DOCTYPE html PUBLIC "-//W3C//DTD XHTML 1.0 Transitional//EN"
    "http://www.w3.org/TR/xhtml1/DTD/xhtml1-transitional.dtd">
<html xmlns="http://www.w3.org/1999/xhtml" xml:lang="en" lang="en">
 <head>
  <title>
</title>
<meta http-equiv="Content-Type" content="text/html;charset=utf-8" />
  <meta name='ocr-system' content='tesseract 3.04.00' />
  <meta name='ocr-capabilities' content='ocr_page ocr_carea ocr_par ocr_line ocrx_word'/>
</head>
<body>
  <div class='ocr_page' id='page_1' title='image "./pterenticomoedi02flecgoog/pterenticomoedi02flecgoog_0082.png"; bbox 0 0 2550 3984; ppageno 0'>
   <div class='ocr_carea' id='block_1_1' title="bbox 172 199 1191 271">
    <p class='ocr_par' dir='ltr' id='par_1_1' title="bbox 172 199 1191 271">
     <span class='ocr_line' id='line_1_1' title="bbox 172 199 1191 271; baseline -0.016 0"><span class='ocrx_word' id='word_1_1' title='bbox 172 203 215 271; x_wconf 76' lang='grc'><strong>48</strong></span> <span class='ocrx_word' id='word_1_2' title='bbox 279 239 284 247; x_wconf 91' lang='lat'>·</span> <span class='ocrx_word' id='word_1_3' title='bbox 574 199 781 263; x_wconf 63' lang='lat' dir='ltr'>ANDRIA„</span> <span class='ocrx_word' id='word_1_4' title='bbox 1019 203 1191 255; x_wconf 75' lang='lat' dir='ltr'><strong>uvel-m</strong></span> 
     </span>
    </p>
   </div>
   <div class='ocr_carea' id='block_1_2' title="bbox 429 369 924 433">
    <p class='ocr_par' dir='ltr' id='par_1_2' title="bbox 429 369 924 433">
     <span class='ocr_line' id='line_1_2' title="bbox 429 369 924 433; baseline -0.004 -1"><span class='ocrx_word' id='word_1_5' title='bbox 429 371 562 433; x_wconf 73' lang='lat' dir='ltr'><strong>(intuo.</strong></span> <span class='ocrx_word' id='word_1_6' title='bbox 604 370 739 431; x_wconf 76' lang='lat' dir='ltr'><strong>Musio.</strong></span> <span class='ocrx_word' id='word_1_7' title='bbox 783 369 924 430; x_wconf 79' lang='lat' dir='ltr'><strong>Dauos.</strong></span> 
     </span>
    </p>
   </div>
   <div class='ocr_carea' id='block_1_3' title="bbox 103 518 1269 3351">
    <p class='ocr_par' dir='ltr' id='par_1_3' title="bbox 103 518 1269 3351">
     <span class='ocr_line' id='line_1_3' title="bbox 103 518 1060 602; baseline -0.005 -15"><span class='ocrx_word' id='word_1_8' title='bbox 103 540 163 589; x_wconf 74' lang='lat' dir='ltr'><strong>tvo</strong></span> <span class='ocrx_word' id='word_1_9' title='bbox 177 525 233 586; x_wconf 72' lang='lat' dir='ltr'><strong>(in.</strong></span> <span class='ocrx_word' id='word_1_10' title='bbox 260 524 295 584; x_wconf 82' lang='lat' dir='ltr'><strong>in</strong></span> <span class='ocrx_word' id='word_1_11' title='bbox 315 524 373 583; x_wconf 76' lang='lat' dir='ltr'><strong>hdo</strong></span> <span class='ocrx_word' id='word_1_12' title='bbox 387 521 549 584; x_wconf 78' lang='lat' dir='ltr'><strong>‘habitasse</strong></span> <span class='ocrx_word' id='word_1_13' title='bbox 570 518 675 600; x_wconf 81' lang='lat' dir='ltr'><strong>plttea</strong></span> <span class='ocrx_word' id='word_1_14' title='bbox 697 519 843 583; x_wconf 84' lang='lat' dir='ltr'>dictumst</span> <span class='ocrx_word' id='word_1_15' title='bbox 864 522 1060 602; x_wconf 67' lang='lat' dir='ltr'><strong>Chrysidem,</strong></span> 
     </span>
     <span class='ocr_line' id='line_1_4' title="bbox 260 619 1077 698; baseline -0.004 -17"><span class='ocrx_word' id='word_1_16' title='bbox 260 623 345 698; x_wconf 76' lang='lat' dir='ltr'><strong>Quae</strong></span> <span class='ocrx_word' id='word_1_17' title='bbox 366 622 435 681; x_wconf 73' lang='lat' dir='ltr'><strong>adse</strong></span> <span class='ocrx_word' id='word_1_18' title='bbox 457 620 624 679; x_wconf 80' lang='lat' dir='ltr'><strong>inhoneste</strong></span> <span class='ocrx_word' id='word_1_19' title='bbox 641 620 761 698; x_wconf 79' lang='lat' dir='ltr'><strong>opttuit</strong></span> <span class='ocrx_word' id='word_1_20' title='bbox 776 638 891 698; x_wconf 89' lang='lat' dir='ltr'><strong>parere</strong></span> <span class='ocrx_word' id='word_1_21' title='bbox 913 620 964 679; x_wconf 87' lang='lat' dir='ltr'><strong>hio</strong></span> <span class='ocrx_word' id='word_1_22' title='bbox 986 619 1077 679; x_wconf 84' lang='lat' dir='ltr'><strong>ditias</strong></span> 
     </span>
     <span class='ocr_line' id='line_1_5' title="bbox 258 713 1108 798; baseline -0.006 -19"><span class='ocrx_word' id='word_1_23' title='bbox 258 720 368 780; x_wconf 75' lang='lat' dir='ltr'><strong>Potius</strong></span> <span class='ocrx_word' id='word_1_24' title='bbox 390 738 479 798; x_wconf 89' lang='lat' dir='ltr'><strong>quam</strong></span> <span class='ocrx_word' id='word_1_25' title='bbox 500 719 533 777; x_wconf 92' lang='lat' dir='ltr'><strong>in</strong></span> <span class='ocrx_word' id='word_1_26' title='bbox 554 717 657 796; x_wconf 83' lang='lat' dir='ltr'><strong>patria</strong></span> <span class='ocrx_word' id='word_1_27' title='bbox 677 715 810 775; x_wconf 77' lang='lat' dir='ltr'><strong>honeste</strong></span> <span class='ocrx_word' id='word_1_28' title='bbox 831 736 949 797; x_wconf 79' lang='lat' dir='ltr'><strong>pauper</strong></span> <span class='ocrx_word' id='word_1_29' title='bbox 970 713 1108 776; x_wconf 87' lang='lat' dir='ltr'><strong>uiueret:</strong></span> 
     </span>
     <span class='ocr_line' id='line_1_6' title="bbox 258 812 1192 899; baseline -0.001 -22"><span class='ocrx_word' id='word_1_30' title='bbox 258 818 333 899; x_wconf 78' lang='lat' dir='ltr'><strong>Eius</strong></span> <span class='ocrx_word' id='word_1_31' title='bbox 355 820 455 876; x_wconf 84' lang='lat' dir='ltr'><strong>mdrte</strong></span> <span class='ocrx_word' id='word_1_32' title='bbox 477 833 513 874; x_wconf 87' lang='lat' dir='ltr'><strong>ea</strong></span> <span class='ocrx_word' id='word_1_33' title='bbox 535 812 573 873; x_wconf 86' lang='lat' dir='ltr'><strong>ad</strong></span> <span class='ocrx_word' id='word_1_34' title='bbox 595 831 644 873; x_wconf 88' lang='lat' dir='ltr'><strong>me</strong></span> <span class='ocrx_word' id='word_1_35' title='bbox 665 812 736 891; x_wconf 73' lang='lat' dir='ltr'><strong>lege</strong></span> <span class='ocrx_word' id='word_1_36' title='bbox 758 812 922 874; x_wconf 77' lang='lat' dir='ltr'><strong>redierint</strong></span> <span class='ocrx_word' id='word_1_37' title='bbox 944 815 1033 875; x_wconf 89' lang='lat' dir='ltr'><strong>bona.</strong></span> <span class='ocrx_word' id='word_1_38' title='bbox 1137 818 1192 876; x_wconf 83' lang='lat'><strong>799</strong></span> 
     </span>
     <span class='ocr_line' id='line_1_7' title="bbox 145 897 1191 997; baseline -0.007 -21"><span class='ocrx_word' id='word_1_39' title='bbox 145 931 159 975; x_wconf 77' lang='lat' dir='ltr'><strong>t</strong></span> <span class='ocrx_word' id='word_1_40' title='bbox 261 914 326 976; x_wconf 85' lang='lat' dir='ltr'><strong>Sed</strong></span> <span class='ocrx_word' id='word_1_41' title='bbox 348 917 424 994; x_wconf 80' lang='lat' dir='ltr'><strong>quos</strong></span> <span class='ocrx_word' id='word_1_42' title='bbox 444 918 618 997; x_wconf 73' lang='lat' dir='ltr'><strong>perconter¹</strong></span> <span class='ocrx_word' id='word_1_43' title='bbox 634 908 737 969; x_wconf 87' lang='lat' dir='ltr'><strong>uideo.</strong></span> <span class='ocrx_word' id='word_1_44' title='bbox 774 908 905 970; x_wconf 85' lang='lat' dir='ltr'><strong>saluete.</strong></span> <span class='ocrx_word' id='word_1_45' title='bbox 942 911 1006 970; x_wconf 78' lang='lat' dir='ltr'><strong>Mu.</strong></span> <span class='ocrx_word' id='word_1_46' title='bbox 1037 897 1191 985; x_wconf 69' lang='lat' dir='ltr'><strong>Obsecro,</strong></span> 
     </span>
     <span class='ocr_line' id='line_1_8' title="bbox 262 1008 1168 1091; baseline -0.008 -17"><span class='ocrx_word' id='word_1_47' title='bbox 262 1016 361 1091; x_wconf 79' lang='lat' dir='ltr'><strong>Quem</strong></span> <span class='ocrx_word' id='word_1_48' title='bbox 381 1011 496 1072; x_wconf 71' lang='lat' dir='ltr'><strong>uideo?</strong></span> <span class='ocrx_word' id='word_1_49' title='bbox 518 1017 606 1071; x_wconf 84' lang='lat' dir='ltr'><strong>estne</strong></span> <span class='ocrx_word' id='word_1_50' title='bbox 629 1010 681 1069; x_wconf 90' lang='lat' dir='ltr'><strong>hio</strong></span> <span class='ocrx_word' id='word_1_51' title='bbox 705 1008 793 1069; x_wconf 81' lang='lat' dir='ltr'><strong>Crito</strong></span> <span class='ocrx_word' id='word_1_52' title='bbox 815 1011 958 1070; x_wconf 78' lang='lat' dir='ltr'>sobrinus</span> <span class='ocrx_word' id='word_1_53' title='bbox 981 1008 1168 1090; x_wconf 69' lang='lat' dir='ltr'><strong>Chrysidis?</strong></span> 
     </span>
     <span class='ocr_line' id='line_1_9' title="bbox 259 1106 1188 1188; baseline -0.003 -16"><span class='ocrx_word' id='word_1_54' title='bbox 259 1113 288 1173; x_wconf 81' lang='lat' dir='ltr'><strong>la</strong></span> <span class='ocrx_word' id='word_1_55' title='bbox 310 1113 368 1171; x_wconf 75' lang='lat' dir='ltr'><strong>est.</strong></span> <span class='ocrx_word' id='word_1_56' title='bbox 401 1111 456 1171; x_wconf 80' lang='lat' dir='ltr'><strong>Cn.</strong></span> <span class='ocrx_word' id='word_1_57' title='bbox 480 1109 638 1188; x_wconf 82' lang='lat' dir='ltr'><strong>0Mysis,</strong></span> <span class='ocrx_word' id='word_1_58' title='bbox 662 1106 759 1167; x_wconf 81' lang='lat' dir='ltr'><strong>silue.</strong></span> <span class='ocrx_word' id='word_1_59' title='bbox 790 1108 855 1168; x_wconf 76' lang='lat' dir='ltr'><strong>Mu.</strong></span> <span class='ocrx_word' id='word_1_60' title='bbox 879 1106 988 1168; x_wconf 85' lang='lat' dir='ltr'><strong>Saluos</strong></span> <span class='ocrx_word' id='word_1_61' title='bbox 1004 1112 1065 1187; x_wconf 83' lang='lat' dir='ltr'><strong>sis,</strong></span> <span class='ocrx_word' id='word_1_62' title='bbox 1086 1109 1188 1170; x_wconf 86' lang='lat' dir='ltr'><strong>Crito.</strong></span> 
     </span>
     <span class='ocr_line' id='line_1_10' title="bbox 175 1206 1197 1290; baseline -0.008 -15"><span class='ocrx_word' id='word_1_63' title='bbox 175 1214 232 1275; x_wconf 81' lang='lat' dir='ltr'><strong>Ca.</strong></span> <span class='ocrx_word' id='word_1_64' title='bbox 260 1213 327 1271; x_wconf 82' lang='lat' dir='ltr'><strong>Itan</strong></span> <span class='ocrx_word' id='word_1_65' title='bbox 349 1209 501 1290; x_wconf 67' lang='lat' dir='ltr'><strong>Chrysis?</strong></span> <span class='ocrx_word' id='word_1_66' title='bbox 527 1209 607 1268; x_wconf 90' lang='lat' dir='ltr'><strong>hem.</strong></span> <span class='ocrx_word' id='word_1_67' title='bbox 640 1206 705 1268; x_wconf 80' lang='lat' dir='ltr'><strong>Mn.</strong></span> <span class='ocrx_word' id='word_1_68' title='bbox 735 1206 799 1267; x_wconf 87' lang='lat' dir='ltr'><strong>Nos</strong></span> <span class='ocrx_word' id='word_1_69' title='bbox 828 1206 951 1287; x_wconf 84' lang='lat' dir='ltr'><strong>quidem</strong></span> <span class='ocrx_word' id='word_1_70' title='bbox 978 1207 1031 1290; x_wconf 95' lang='lat' dir='ltr'><strong>pol</strong></span> <span class='ocrx_word' id='word_1_71' title='bbox 1059 1210 1197 1268; x_wconf 87' lang='lat' dir='ltr'><strong>miseras·</strong></span> 
     </span>
     <span class='ocr_line' id='line_1_11' title="bbox 270 1295 782 1386; baseline 0.008 -24"><span class='ocrx_word' id='word_1_72' title='bbox 270 1295 273 1299; x_wconf 32' lang='lat'>¹</span> <span class='ocrx_word' id='word_1_73' title='bbox 632 1304 782 1386; x_wconf 74' lang='lat' dir='ltr'><strong>perdidit.</strong></span> 
     </span>
     <span class='ocr_line' id='line_1_12' title="bbox 178 1404 1192 1486; baseline -0.007 -16"><span class='ocrx_word' id='word_1_74' title='bbox 178 1412 233 1471; x_wconf 84' lang='lat' dir='ltr'><strong>Cn.</strong></span> <span class='ocrx_word' id='word_1_75' title='bbox 262 1407 344 1485; x_wconf 81' lang='lat' dir='ltr'><strong>Quid</strong></span> <span class='ocrx_word' id='word_1_76' title='bbox 359 1407 438 1467; x_wconf 71' lang='lat' dir='ltr'><strong>nos?</strong></span> <span class='ocrx_word' id='word_1_77' title='bbox 460 1425 518 1484; x_wconf 88' lang='lat' dir='ltr'><strong>quo</strong></span> <span class='ocrx_word' id='word_1_78' title='bbox 533 1412 624 1486; x_wconf 89' lang='lat' dir='ltr'><strong>paeto</strong></span> <span class='ocrx_word' id='word_1_79' title='bbox 640 1405 714 1464; x_wconf 72' lang='lat' dir='ltr'><strong>hio?</strong></span> <span class='ocrx_word' id='word_1_80' title='bbox 733 1406 832 1464; x_wconf 78' lang='lat' dir='ltr'><strong>satine</strong></span> <span class='ocrx_word' id='word_1_81' title='bbox 848 1405 960 1464; x_wconf 76' lang='lat' dir='ltr'><strong>recte?</strong></span> <span class='ocrx_word' id='word_1_82' title='bbox 983 1405 1047 1465; x_wconf 75' lang='lat' dir='ltr'><strong>Mu.</strong></span> <span class='ocrx_word' id='word_1_83' title='bbox 1062 1404 1192 1464; x_wconf 75' lang='lat' dir='ltr'><strong>Nosne?</strong></span> 
     </span>
     <span class='ocr_line' id='line_1_13' title="bbox 634 1504 1193 1565; baseline 0.005 -3"><span class='ocrx_word' id='word_1_84' title='bbox 634 1504 679 1562; x_wconf 85' lang='lat' dir='ltr'><strong>sio</strong></span> <span class='ocrx_word' id='word_1_85' title='bbox 1137 1512 1193 1565; x_wconf 67' lang='lat'><strong>804</strong></span> 
     </span>
     <span class='ocr_line' id='line_1_14' title="bbox 134 1598 1145 1681; baseline -0.004 -18"><span class='ocrx_word' id='word_1_86' title='bbox 134 1630 161 1671; x_wconf 76' lang='lat' dir='ltr'><strong>to</strong></span> <span class='ocrx_word' id='word_1_87' title='bbox 263 1603 307 1664; x_wconf 92' lang='lat' dir='ltr'><strong>Vt</strong></span> <span class='ocrx_word' id='word_1_88' title='bbox 328 1603 464 1681; x_wconf 86' lang='lat' dir='ltr'><strong>quimus,</strong></span> <span class='ocrx_word' id='word_1_89' title='bbox 489 1602 589 1677; x_wconf 83' lang='lat' dir='ltr'><strong>aiunt,</strong></span> <span class='ocrx_word' id='word_1_90' title='bbox 618 1599 741 1679; x_wconf 73' lang='lat' dir='ltr'><strong>quindo</strong></span> <span class='ocrx_word' id='word_1_91' title='bbox 759 1606 795 1659; x_wconf 92' lang='lat' dir='ltr'><strong>ut</strong></span> <span class='ocrx_word' id='word_1_92' title='bbox 814 1598 956 1660; x_wconf 86' lang='lat' dir='ltr'><strong>uolumus</strong></span> <span class='ocrx_word' id='word_1_93' title='bbox 976 1603 1039 1660; x_wconf 84' lang='lat' dir='ltr'><strong>ndn</strong></span> <span class='ocrx_word' id='word_1_94' title='bbox 1059 1599 1145 1660; x_wconf 88' lang='lat' dir='ltr'><strong>licet.</strong></span> 
     </span>
     <span class='ocr_line' id='line_1_15' title="bbox 177 1695 1167 1777; baseline -0.005 -16"><span class='ocrx_word' id='word_1_95' title='bbox 177 1703 233 1761; x_wconf 80' lang='lat' dir='ltr'><strong>Cn.</strong></span> <span class='ocrx_word' id='word_1_96' title='bbox 260 1698 340 1774; x_wconf 78' lang='lat' dir='ltr'><strong>Quid</strong></span> <span class='ocrx_word' id='word_1_97' title='bbox 363 1695 566 1777; x_wconf 68' lang='lat' dir='ltr'><strong>Glycerium?</strong></span> <span class='ocrx_word' id='word_1_98' title='bbox 586 1698 647 1756; x_wconf 87' lang='lat' dir='ltr'><strong>iam</strong></span> <span class='ocrx_word' id='word_1_99' title='bbox 667 1698 720 1756; x_wconf 86' lang='lat' dir='ltr'><strong>hio</strong></span> <span class='ocrx_word' id='word_1_100' title='bbox 741 1700 812 1757; x_wconf 79' lang='lat' dir='ltr'><strong>suis</strong></span> <span class='ocrx_word' id='word_1_101' title='bbox 833 1699 973 1777; x_wconf 84' lang='lat' dir='ltr'><strong>parentis</strong></span> <span class='ocrx_word' id='word_1_102' title='bbox 1002 1697 1167 1777; x_wconf 68' lang='lat' dir='ltr'><strong>repperit?</strong></span> 
     </span>
     <span class='ocr_line' id='line_1_16' title="bbox 176 1779 1191 1875; baseline -0.005 -15"><span class='ocrx_word' id='word_1_103' title='bbox 176 1799 240 1860; x_wconf 75' lang='lat' dir='ltr'><strong>Mn.</strong></span> <span class='ocrx_word' id='word_1_104' title='bbox 261 1798 395 1859; x_wconf 82' lang='lat' dir='ltr'><strong>Vtinam.</strong></span> <span class='ocrx_word' id='word_1_105' title='bbox 433 1796 489 1856; x_wconf 78' lang='lat' dir='ltr'><strong>Cu.</strong></span> <span class='ocrx_word' id='word_1_106' title='bbox 519 1779 568 1855; x_wconf 76' lang='lat' dir='ltr'><strong>dn</strong></span> <span class='ocrx_word' id='word_1_107' title='bbox 594 1815 658 1855; x_wconf 89' lang='lat' dir='ltr'><strong>non</strong></span> <span class='ocrx_word' id='word_1_108' title='bbox 686 1793 758 1854; x_wconf 89' lang='lat' dir='ltr'><strong>dum</strong></span> <span class='ocrx_word' id='word_1_109' title='bbox 781 1795 896 1855; x_wconf 68' lang='lat' dir='ltr'><strong>etiam?</strong></span> <span class='ocrx_word' id='word_1_110' title='bbox 925 1795 1006 1855; x_wconf 85' lang='lat' dir='ltr'><strong>haud</strong></span> <span class='ocrx_word' id='word_1_111' title='bbox 1029 1797 1191 1875; x_wconf 71' lang='lat' dir='ltr'><strong>auispieato</strong></span> 
     </span>
     <span class='ocr_line' id='line_1_17' title="bbox 628 1890 890 1952; baseline -0.004 0"><span class='ocrx_word' id='word_1_112' title='bbox 628 1894 689 1952; x_wconf 87' lang='lat' dir='ltr'><strong>hue</strong></span> <span class='ocrx_word' id='word_1_113' title='bbox 712 1911 761 1951; x_wconf 88' lang='lat' dir='ltr'><strong>me</strong></span> <span class='ocrx_word' id='word_1_114' title='bbox 785 1890 890 1951; x_wconf 78' lang='lat' dir='ltr'><strong>attuli:</strong></span> 
     </span>
     <span class='ocr_line' id='line_1_18' title="bbox 263 1987 1192 2073; baseline -0.004 -21"><span class='ocrx_word' id='word_1_115' title='bbox 263 1992 339 2053; x_wconf 91' lang='lat' dir='ltr'><strong>Nam</strong></span> <span class='ocrx_word' id='word_1_116' title='bbox 367 1989 437 2073; x_wconf 80' lang='lat' dir='ltr'><strong>pol,</strong></span> <span class='ocrx_word' id='word_1_117' title='bbox 462 1990 489 2049; x_wconf 85' lang='lat' dir='ltr'><strong>si</strong></span> <span class='ocrx_word' id='word_1_118' title='bbox 516 1987 550 2049; x_wconf 92' lang='lat' dir='ltr'><strong>id</strong></span> <span class='ocrx_word' id='word_1_119' title='bbox 567 1989 710 2067; x_wconf 82' lang='lat' dir='ltr'><strong>scissem,</strong></span> <span class='ocrx_word' id='word_1_120' title='bbox 738 1991 901 2068; x_wconf 77' lang='lat' dir='ltr'><strong>numquam</strong></span> <span class='ocrx_word' id='word_1_121' title='bbox 929 1989 990 2048; x_wconf 86' lang='lat' dir='ltr'><strong>huo</strong></span> <span class='ocrx_word' id='word_1_122' title='bbox 1014 1987 1192 2049; x_wconf 73' lang='lat' dir='ltr'><strong>tetulissem</strong></span> 
     </span>
     <span class='ocr_line' id='line_1_19' title="bbox 633 2088 762 2168; baseline 0.008 -20"><span class='ocrx_word' id='word_1_123' title='bbox 633 2088 762 2168; x_wconf 86' lang='lat' dir='ltr'><strong>pedem:</strong></span> 
     </span>
     <span class='ocr_line' id='line_1_20' title="bbox 264 2185 1192 2268; baseline -0.003 -20"><span class='ocrx_word' id='word_1_124' title='bbox 264 2189 394 2268; x_wconf 74' lang='lat' dir='ltr'><strong>Semper</strong></span> <span class='ocrx_word' id='word_1_125' title='bbox 416 2189 498 2247; x_wconf 88' lang='lat' dir='ltr'><strong>enim</strong></span> <span class='ocrx_word' id='word_1_126' title='bbox 522 2185 635 2246; x_wconf 77' lang='lat' dir='ltr'><strong>dictast</strong></span> <span class='ocrx_word' id='word_1_127' title='bbox 651 2188 719 2247; x_wconf 89' lang='lat' dir='ltr'><strong>e&#39;sse</strong></span> <span class='ocrx_word' id='word_1_128' title='bbox 733 2188 811 2249; x_wconf 86' lang='lat' dir='ltr'><strong>haee</strong></span> <span class='ocrx_word' id='word_1_129' title='bbox 826 2194 919 2267; x_wconf 84' lang='lat' dir='ltr'><strong>atque</strong></span> <span class='ocrx_word' id='word_1_130' title='bbox 935 2188 1069 2247; x_wconf 75' lang='lat' dir='ltr'><strong>hahitdst</strong></span> <span class='ocrx_word' id='word_1_131' title='bbox 1082 2206 1192 2245; x_wconf 62' lang='lat' dir='ltr'><strong>sorore</strong></span> 
     </span>
     <span class='ocr_line' id='line_1_21' title="bbox 265 2284 1147 2365; baseline -0.005 -19"><span class='ocrx_word' id='word_1_132' title='bbox 265 2288 349 2362; x_wconf 78' lang='lat' dir='ltr'><strong>Quae</strong></span> <span class='ocrx_word' id='word_1_133' title='bbox 371 2284 457 2346; x_wconf 83' lang='lat' dir='ltr'><strong>illius</strong></span> <span class='ocrx_word' id='word_1_134' title='bbox 476 2286 618 2362; x_wconf 81' lang='lat' dir='ltr'><strong>fuerunt,</strong></span> <span class='ocrx_word' id='word_1_135' title='bbox 640 2284 796 2365; x_wconf 82' lang='lat' dir='ltr'><strong>possidet:</strong></span> <span class='ocrx_word' id='word_1_136' title='bbox 818 2305 900 2344; x_wconf 86' lang='lat' dir='ltr'><strong>nuno</strong></span> <span class='ocrx_word' id='word_1_137' title='bbox 922 2304 971 2346; x_wconf 91' lang='lat' dir='ltr'><strong>me</strong></span> <span class='ocrx_word' id='word_1_138' title='bbox 991 2285 1147 2363; x_wconf 80' lang='lat' dir='ltr'><strong>hospitem</strong></span> 
     </span>
     <span class='ocr_line' id='line_1_22' title="bbox 263 2381 1188 2463; baseline -0.001 -18"><span class='ocrx_word' id='word_1_139' title='bbox 263 2386 342 2445; x_wconf 84' lang='lat' dir='ltr'><strong>Litia</strong></span> <span class='ocrx_word' id='word_1_140' title='bbox 362 2385 465 2462; x_wconf 85' lang='lat' dir='ltr'><strong>sequi,</strong></span> <span class='ocrx_word' id='word_1_141' title='bbox 489 2403 577 2461; x_wconf 81' lang='lat' dir='ltr'><strong>quam</strong></span> <span class='ocrx_word' id='word_1_142' title='bbox 597 2382 631 2443; x_wconf 91' lang='lat' dir='ltr'><strong>id</strong></span> <span class='ocrx_word' id='word_1_143' title='bbox 652 2385 728 2444; x_wconf 80' lang='lat' dir='ltr'><strong>mthi</strong></span> <span class='ocrx_word' id='word_1_144' title='bbox 749 2385 790 2445; x_wconf 77' lang='lat' dir='ltr'><strong>ait</strong></span> <span class='ocrx_word' id='word_1_145' title='bbox 807 2381 901 2444; x_wconf 82' lang='lat' dir='ltr'><strong>facile</strong></span> <span class='ocrx_word' id='word_1_146' title='bbox 916 2391 1009 2463; x_wconf 81' lang='lat' dir='ltr'><strong>atque</strong></span> <span class='ocrx_word' id='word_1_147' title='bbox 1025 2381 1115 2459; x_wconf 76' lang='lat' dir='ltr'><strong>uitile,</strong></span> <span class='ocrx_word' id='word_1_148' title='bbox 1138 2389 1188 2444; x_wconf 84' lang='lat'><strong>811</strong></span> 
     </span>
     <span class='ocr_line' id='line_1_23' title="bbox 150 2479 1082 2561; baseline -0.004 -19"><span class='ocrx_word' id='word_1_149' title='bbox 150 2506 153 2511; x_wconf 89' lang='lat'>·</span> <span class='ocrx_word' id='word_1_150' title='bbox 263 2481 404 2543; x_wconf 87' lang='lat' dir='ltr'><strong>Alidrum</strong></span> <span class='ocrx_word' id='word_1_151' title='bbox 427 2480 568 2561; x_wconf 80' lang='lat' dir='ltr'><strong>exempla</strong></span> <span class='ocrx_word' id='word_1_152' title='bbox 588 2484 799 2541; x_wconf 86' lang='lat' dir='ltr'><strong>edmmonent:</strong></span> <span class='ocrx_word' id='word_1_153' title='bbox 823 2479 913 2540; x_wconf 90' lang='lat' dir='ltr'><strong>simul</strong></span> <span class='ocrx_word' id='word_1_154' title='bbox 935 2482 1082 2557; x_wconf 79' lang='lat' dir='ltr'><strong>arbitror,</strong></span> 
     </span>
     <span class='ocr_line' id='line_1_24' title="bbox 262 2574 1192 2659; baseline -0.003 -19"><span class='ocrx_word' id='word_1_155' title='bbox 262 2582 324 2641; x_wconf 81' lang='lat' dir='ltr'><strong>Iam</strong></span> <span class='ocrx_word' id='word_1_156' title='bbox 339 2579 473 2659; x_wconf 77' lang='lat' dir='ltr'><strong>aliquem</strong></span> <span class='ocrx_word' id='word_1_157' title='bbox 488 2582 555 2639; x_wconf 88' lang='lat' dir='ltr'><strong>e&#39;sse</strong></span> <span class='ocrx_word' id='word_1_158' title='bbox 571 2580 699 2638; x_wconf 88' lang='lat' dir='ltr'><strong>amioum</strong></span> <span class='ocrx_word' id='word_1_159' title='bbox 715 2574 756 2639; x_wconf 64' lang='lat' dir='ltr'><strong>et‘</strong></span> <span class='ocrx_word' id='word_1_160' title='bbox 763 2578 959 2640; x_wconf 77' lang='lat' dir='ltr'><strong>defensorem</strong></span> <span class='ocrx_word' id='word_1_161' title='bbox 976 2579 1020 2638; x_wconf 91' lang='lat' dir='ltr'><strong>ei:</strong></span> <span class='ocrx_word' id='word_1_162' title='bbox 1037 2583 1106 2638; x_wconf 75' lang='lat' dir='ltr'><strong>nam</strong></span> <span class='ocrx_word' id='word_1_163' title='bbox 1121 2578 1192 2637; x_wconf 82' lang='lat' dir='ltr'><strong>fere</strong></span> 
     </span>
     <span class='ocr_line' id='line_1_25' title="bbox 263 2675 1031 2755; baseline -0.001 -19"><span class='ocrx_word' id='word_1_164' title='bbox 263 2675 451 2737; x_wconf 86' lang='lat' dir='ltr'><strong>Grandieula</strong></span> <span class='ocrx_word' id='word_1_165' title='bbox 471 2678 531 2735; x_wconf 89' lang='lat' dir='ltr'><strong>iam</strong></span> <span class='ocrx_word' id='word_1_166' title='bbox 552 2676 725 2755; x_wconf 73' lang='lat' dir='ltr'><strong>profectost</strong></span> <span class='ocrx_word' id='word_1_167' title='bbox 741 2675 839 2736; x_wconf 85' lang='lat' dir='ltr'><strong>illinc.</strong></span> <span class='ocrx_word' id='word_1_168' title='bbox 873 2675 1031 2735; x_wconf 73' lang='lat' dir='ltr'><strong>clamitent</strong></span> 
     </span>
     <span class='ocr_line' id='line_1_26' title="bbox 132 2771 1191 2855; baseline 0.003 -23"><span class='ocrx_word' id='word_1_169' title='bbox 132 2794 161 2832; x_wconf 77' lang='lat' dir='ltr'><strong>ao</strong></span> <span class='ocrx_word' id='word_1_170' title='bbox 264 2775 318 2834; x_wconf 93' lang='lat' dir='ltr'><strong>Me</strong></span> <span class='ocrx_word' id='word_1_171' title='bbox 340 2774 575 2852; x_wconf 70' lang='lat' dir='ltr'><strong>sycophantam,</strong></span> <span class='ocrx_word' id='word_1_172' title='bbox 597 2771 805 2835; x_wconf 77' lang='lat' dir='ltr'><strong>hereditatem</strong></span> <span class='ocrx_word' id='word_1_173' title='bbox 826 2775 973 2855; x_wconf 77' lang='lat' dir='ltr'><strong>persequi</strong></span> <span class='ocrx_word' id='word_1_174' title='bbox 1139 2781 1191 2835; x_wconf 77' lang='lat'><strong>815</strong></span> 
     </span>
     <span class='ocr_line' id='line_1_27' title="bbox 261 2871 1054 2954; baseline -0.001 -21"><span class='ocrx_word' id='word_1_175' title='bbox 261 2871 455 2933; x_wconf 89' lang='lat' dir='ltr'><strong>Mendioum:</strong></span> <span class='ocrx_word' id='word_1_176' title='bbox 478 2879 542 2931; x_wconf 90' lang='lat' dir='ltr'><strong>tum</strong></span> <span class='ocrx_word' id='word_1_177' title='bbox 563 2872 660 2950; x_wconf 86' lang='lat' dir='ltr'><strong>ipsam</strong></span> <span class='ocrx_word' id='word_1_178' title='bbox 682 2871 859 2954; x_wconf 76' lang='lat' dir='ltr'><strong>despoliare</strong></span> <span class='ocrx_word' id='word_1_179' title='bbox 878 2876 939 2933; x_wconf 84' lang='lat' dir='ltr'><strong>ndu</strong></span> <span class='ocrx_word' id='word_1_180' title='bbox 957 2871 1054 2932; x_wconf 85' lang='lat' dir='ltr'><strong>lubet.</strong></span> 
     </span>
     <span class='ocr_line' id='line_1_28' title="bbox 178 2968 1109 3050; baseline -0.006 -18"><span class='ocrx_word' id='word_1_181' title='bbox 178 2972 244 3032; x_wconf 76' lang='lat' dir='ltr'><strong>Mu.</strong></span> <span class='ocrx_word' id='word_1_182' title='bbox 267 2970 294 3029; x_wconf 89' lang='lat'>0</span> <span class='ocrx_word' id='word_1_183' title='bbox 315 2971 440 3048; x_wconf 84' lang='lat' dir='ltr'><strong>dptnme</strong></span> <span class='ocrx_word' id='word_1_184' title='bbox 459 2969 590 3047; x_wconf 85' lang='lat' dir='ltr'><strong>hospes,</strong></span> <span class='ocrx_word' id='word_1_185' title='bbox 612 2968 667 3048; x_wconf 85' lang='lat' dir='ltr'><strong>pol</strong></span> <span class='ocrx_word' id='word_1_186' title='bbox 689 2970 777 3030; x_wconf 78' lang='lat' dir='ltr'><strong>Crito</strong></span> <span class='ocrx_word' id='word_1_187' title='bbox 800 2970 956 3050; x_wconf 83' lang='lat' dir='ltr'><strong>antiquom</strong></span> <span class='ocrx_word' id='word_1_188' title='bbox 979 2971 1109 3029; x_wconf 80' lang='lat' dir='ltr'><strong>dhtines.</strong></span> 
     </span>
     <span class='ocr_line' id='line_1_29' title="bbox 177 3063 1189 3145; baseline -0.005 -18"><span class='ocrx_word' id='word_1_189' title='bbox 177 3068 235 3128; x_wconf 81' lang='lat' dir='ltr'><strong>Cu.</strong></span> <span class='ocrx_word' id='word_1_190' title='bbox 262 3067 326 3126; x_wconf 85' lang='lat' dir='ltr'><strong>Due</strong></span> <span class='ocrx_word' id='word_1_191' title='bbox 348 3083 398 3125; x_wconf 91' lang='lat' dir='ltr'><strong>me</strong></span> <span class='ocrx_word' id='word_1_192' title='bbox 418 3063 458 3124; x_wconf 77' lang='lat' dir='ltr'><strong>ad</strong></span> <span class='ocrx_word' id='word_1_193' title='bbox 474 3064 557 3143; x_wconf 82' lang='lat' dir='ltr'><strong>eam,</strong></span> <span class='ocrx_word' id='word_1_194' title='bbox 582 3065 702 3145; x_wconf 82' lang='lat' dir='ltr'><strong>quando</strong></span> <span class='ocrx_word' id='word_1_195' title='bbox 724 3067 896 3145; x_wconf 75' lang='lat' dir='ltr'><strong>huomini,</strong></span> <span class='ocrx_word' id='word_1_196' title='bbox 918 3072 952 3126; x_wconf 88' lang='lat' dir='ltr'><strong>ut</strong></span> <span class='ocrx_word' id='word_1_197' title='bbox 967 3065 1097 3125; x_wconf 87' lang='lat' dir='ltr'><strong>uideam.</strong></span> <span class='ocrx_word' id='word_1_198' title='bbox 1122 3064 1189 3125; x_wconf 78' lang='lat' dir='ltr'><strong>Mn.</strong></span> 
     </span>
     <span class='ocr_line' id='line_1_30' title="bbox 215 3151 782 3247; baseline -0.004 -23"><span class='ocrx_word' id='word_1_199' title='bbox 215 3151 218 3155; x_wconf 25' lang='lat'><strong>¹</strong></span> <span class='ocrx_word' id='word_1_200' title='bbox 629 3163 782 3247; x_wconf 77' lang='lat' dir='ltr'><strong>Maxume.</strong></span> 
     </span>
     <span class='ocr_line' id='line_1_31' title="bbox 179 3259 1269 3351; baseline -0.003 -29"><span class='ocrx_word' id='word_1_201' title='bbox 179 3262 235 3322; x_wconf 71' lang='lat' dir='ltr'><strong>Do.</strong></span> <span class='ocrx_word' id='word_1_202' title='bbox 263 3261 383 3340; x_wconf 84' lang='lat' dir='ltr'><strong>Sequar</strong></span> <span class='ocrx_word' id='word_1_203' title='bbox 403 3261 476 3320; x_wconf 84' lang='lat' dir='ltr'><strong>hds:</strong></span> <span class='ocrx_word' id='word_1_204' title='bbox 497 3280 546 3351; x_wconf 87' lang='lat' dir='ltr'><strong>me</strong></span> <span class='ocrx_word' id='word_1_205' title='bbox 568 3259 642 3321; x_wconf 90' lang='lat' dir='ltr'><strong>nolo</strong></span> <span class='ocrx_word' id='word_1_206' title='bbox 664 3262 697 3320; x_wconf 89' lang='lat' dir='ltr'><strong>in</strong></span> <span class='ocrx_word' id='word_1_207' title='bbox 718 3263 860 3340; x_wconf 73' lang='lat' dir='ltr'><strong>tempore</strong></span> <span class='ocrx_word' id='word_1_208' title='bbox 881 3261 941 3320; x_wconf 86' lang='lat' dir='ltr'><strong>hoo</strong></span> <span class='ocrx_word' id='word_1_209' title='bbox 962 3259 1068 3320; x_wconf 79' lang='lat' dir='ltr'><strong>uideat</strong></span> <span class='ocrx_word' id='word_1_210' title='bbox 1082 3278 1191 3320; x_wconf 79' lang='lat' dir='ltr'><strong>senex.</strong></span> <span class='ocrx_word' id='word_1_211' title='bbox 1268 3320 1269 3345; x_wconf 19' lang='grc' dir='ltr'>ἦ</span> 
     </span>
    </p>
   </div>
   <div class='ocr_carea' id='block_1_4' title="bbox 583 3404 787 3412">
    <p class='ocr_par' dir='ltr' id='par_1_4' title="bbox 583 3404 787 3412">
     <span class='ocr_line' id='line_1_32' title="bbox 583 3404 787 3412; baseline 0 -1"><span class='ocrx_word' id='word_1_212' title='bbox 583 3404 787 3412; x_wconf 72' lang='grc'><strong>-------</strong></span> 
     </span>
    </p>
   </div>
   <div class='ocr_carea' id='block_1_5' title="bbox 0 0 1282 3984">
    <p class='ocr_par' dir='ltr' id='par_1_5' title="bbox 0 0 1282 3984">
     <span class='ocr_line' id='line_1_33' title="bbox 0 0 1282 3984; baseline 0 0"><span class='ocrx_word' id='word_1_213' title='bbox 0 0 1282 3984; x_wconf 95' lang='lat' dir='ltr'><strong> </strong></span> 
     </span>
    </p>
   </div>
  </div>
 </body>
</html>
