2550 3984
175 224 262 275 xxlv
566 229 807 272 nlsennnnnnln

175 383 216 442 sit
235 381 397 458 magistra,
482 387 534 442 206
553 379 701 454 6611666,
725 387 757 438 tu
772 380 903 439 6666166.
924 375 929 460 Ι
949 378 1004 442 So.
1018 383 1069 441 116
1084 383 1133 443 md
1151 382 1185 443 di

174 464 253 525 bene
276 472 378 523 ament
462 470 514 525 213
531 462 726 542 inprudentia
811 468 993 526 21861666
1014 466 1094 525 domi
1109 467 1186 527 mihi

176 549 261 608 661116
345 555 397 609 226
426 552 660 608 612261666666
689 550 787 604 ordine
871 556 923 610 284
943 549 1118 608 6616166611
1138 551 1186 609 611

175 632 244 690 fieri
328 639 381 693 238
402 638 465 688 tum
487 648 554 689 6666
577 630 683 689 aibant
766 638 819 694 246
833 630 957 690 honum.
1044 628 1183 717 2476161]

176 725 208 774 61
291 722 343 779 249
356 713 453 791 magis
473 733 538 772 rem
558 714 590 772 in
604 721 787 773 nostramet
806 723 940 774 nostram
963 716 995 774 id
1016 725 1098 776 66661

176 808 228 861 260
255 816 324 857 6666
349 805 381 856 16
409 805 561 874 potestate
646 806 698 859 262
722 804 880 877 perpetem
965 808 1017 862 264
1040 808 1092 858 661
1112 821 1185 880 pur·

175 880 276 958 gando
293 880 391 956 nobis]
411 880 468 939 tibi
486 889 539 939 661
555 878 714 958 purgdndo
798 889 850 944 269
864 900 954 961 quem
969 903 1025 960 ego
1045 903 1097 944 om.

176 974 229 1028 266
242 966 344 1043 magni
365 964 468 1024 faeere
553 963 749 1026 2616161616
768 971 814 1023 661
899 966 1028 1025 laturum
1048 968 1187 1044 grauiter

259 1058 311 1112 262
329 1048 506 1127 1666666166
523 1067 614 1125 quam
627 1046 681 1106 ille
695 1047 755 1106 huo
774 1045 883 1107 redeat
967 1058 1019 1112 276
1040 1052 1087 1109 616
1102 1071 1186 1111 nune

259 1142 309 1196 281
322 1132 479 1210 pluraego
496 1131 607 1190 acerba
619 1129 710 1189 oredo
722 1150 791 1191 6666
876 1141 929 1196 283
943 1153 1024 1193 eram
1041 1153 1097 1210 ego

176 1215 242 1293 hui]
256 1217 296 1274 eh
382 1224 433 1278 286
453 1214 590 1274 omnibus
605 1213 693 1275 nobis
777 1223 828 1278 296
850 1225 876 1273 et
891 1224 943 1279 296
964 1222 1072 1277 inverso
1087 1221 1187 1277 ordine

260 1307 311 1362 296
327 1300 462 1359 66166116
547 1306 597 1361 297
611 1296 699 1375 illim]
714 1297 787 1357 hino
871 1299 904 1357 in
921 1320 957 1359 66
1041 1309 1093 1364 299
1103 1301 1185 1360 Tum

176 1393 230 1442 661
254 1390 379 1441 matrem
464 1391 517 1445 803
550 1383 582 1440 16
611 1380 689 1458 6116]
722 1382 807 1441 66116
891 1392 943 1446 806
968 1384 1031 1443 Α61
1059 1382 1186 1462 quidem

175 1466 281 1526 1666616
339 1465 462 1525 ,61616
483 1485 587 1525 ueram
614 1464 711 1524 uerba
732 1465 771 1524 ad
792 1466 940 1525 rationem
962 1468 1045 1544 dxigi
1131 1478 1186 1531 816

176 1548 280 1629 quem]
302 1568 378 1629 quus
464 1558 515 1613 326
536 1550 619 1608 inte
642 1547 738 1607 ullum
822 1558 874 1612 332
893 1550 1045 1610 introiisse
1131 1561 1185 1617 389

177 1632 366 1693 6661610661
451 1641 502 1697 347
527 1633 568 1692 mi
587 1631 681 1691 rediit
764 1640 815 1696 849
835 1633 1045 1693 Philumenam
1131 1644 1180 1701 35]

176 1718 395 1777 1616666666161
479 1725 530 1780 362
545 1717 649 1775 tristis.
735 1725 788 1783 860
807 1716 947 1794 6661661]
969 1717 1098 1777 redeant

176 1812 228 1864 366
247 1820 373 1859 uxorem
395 1819 463 1863 esse
548 1800 697 1862 36711166
725 1819 828 1859 omnes
858 1801 946 1860 simul
1010 1810 1083 1867 ,368
1101 1801 1185 1880 quod

176 1885 342 1962 derepente
428 1890 480 1947 374
494 1883 597 1943 661666
681 1892 733 1946 389
751 1891 867 1960 teerga
952 1885 1046 1944 sensti
1131 1894 1185 1950 392

175 1986 276 2048 neque
362 1967 502 2026 conscius
587 1976 639 2030 393
651 1966 849 2026 concubuisse
862 1986 928 2027 eam
943 1968 1097 2028 mensibus

176 2061 227 2114 406
241 2059 389 2130 perpetua
474 2058 526 2113 408
543 2047 612 2126 Quo
627 2069 683 2126 ego
700 2069 767 2109 enm
853 2051 959 2111 eodem
972 2052 1045 2109 huie
1130 2060 1185 2114 412

177 2138 241 2194 6166
262 2135 313 2195 hin
336 2133 442 2202 666166
465 2133 612 2192 exaudiat
696 2142 789 2196 43061
810 2134 933 2212 quidem
951 2144 982 2193 16
998 2143 1184 2213 exspect-uns

260 2223 310 2280 437
322 2217 416 2275 Immo
434 2214 517 2296 qudd
534 2218 675 2276 constitui
685 2236 733 2275 me
743 2215 835 2277 hodie
919 2226 969 2280 441
981 2218 1184 2294 Lentiginosa

176 2301 258 2360 faeie
342 2308 393 2361 462
415 2319 527 2359 666666
542 2300 615 2379 qnid
700 2307 751 2364 467
762 2301 804 2359 Et
818 2300 895 2361 adeo
979 2310 1031 2364 462
1046 2303 1105 2360 hue
1120 2321 1184 2361 666

176 2385 419 2465 6166666166116
503 2385 609 2446 47616
629 2402 677 2442 me
699 2403 780 2442 6666
863 2392 913 2448 477
937 2404 1004 2444 6666
1025 2384 1184 2462 iudignum

176 2488 245 2527 6666
328 2474 382 2541 478
391 2466 556 2548 huiusque]
573 2477 713 2546 quaeque
726 2468 791 2526 eius
876 2477 927 2531 479
940 2470 1079 2547 componi
1090 2477 1183 2546 66616

175 2552 256 2630 60116
277 2552 358 2610 inter
381 2570 433 2609 666
454 2552 581 2629 gsdtiast
665 2561 718 2614 488
742 2571 792 2610 666
817 2561 1011 2630 postputasse
1032 2561 1062 2610 16
1086 2553 1183 2611 omnis

261 2643 312 2697 486
328 2630 411 2708 Quid
426 2654 483 2711 ego
501 2637 547 2692 166
565 2634 703 2714 16661666
720 2636 801 2693 mine
815 2637 846 2694 in
863 2634 947 2694 illam
964 2635 1084 2714 iniquos
1102 2635 1182 2693 sim?

261 2717 404 2779 5001tan
431 2717 456 2775 16
479 2736 561 2776 6666
645 2717 755 2795 putat?
839 2719 1043 2811 6061666666.
1130 2727 1180 2780 621

177 2817 262 2876 exire
281 2811 384 2873 adme
469 2823 520 2877 622
539 2833 573 2874 ee
588 2814 697 2875 eduxit
780 2825 832 2879 623
846 2818 945 2896 Atque
962 2835 1064 2874 eccam
1078 2815 1182 2875 uideo.

176 2897 317 2978 quiduis
401 2905 453 2960 627
467 2905 558 2957 16666
643 2909 696 2962 630
710 2899 804 2958 661661
889 2908 1096 2975 6311666666

176 2993 227 3047 535
250 2979 462 3059 6616661666
547 2982 711 3045 6381111666
728 2991 810 3042 tuam
825 2985 917 3060 60666
932 2990 963 3040 16
977 2983 1101 3059 6661166
1116 2983 1183 3058 6611

261 3074 311 3126 641
328 3082 420 3143 quam
439 3064 574 3124 16111666
596 3067 673 3125 66161
692 3065 950 3125 1666666616616
1035 3074 1088 3128 643
1101 3066 1183 3123 Nam

175 3147 208 3207 id
226 3147 364 3209 dmnibns
379 3148 524 3207 innatum.
611 3158 663 3211 644
675 3148 892 3209 6116666661611
907 3147 1014 3208 eudem
1028 3167 1097 3207 6666

176 3240 229 3294 648
250 3239 333 3290 66661
360 3239 463 3291 666166
486 3250 525 3291 ex
546 3251 604 3290 usu
688 3232 1044 3306 6676161,6666661666
1130 3242 1183 3295 662

177 3334 233 3391 ego
261 3333 314 3372 om·
400 3324 451 3378 661
478 3314 581 3377 fuerat
608 3335 645 3375 66
666 3335 723 3393 666
806 3314 1182 3380 6621666666166666

176 3398 255 3456 16666
277 3397 345 3474 (om.
364 3396 445 3477 esse)
532 3406 584 3462 668
599 3396 743 3458 iracundo
828 3407 879 3462 671
902 3397 1023 3478 quoius]
1047 3397 1098 3456 661

176 3488 230 3544 673
250 3481 279 3541 ei
306 3489 369 3540 tum
391 3483 552 3562 quiequam
578 3491 624 3542 est
707 3489 811 3559 posset
895 3481 1090 3545 6771161666
1114 3499 1183 3541 6666
