2550 3984
425 190 536 257 Vtra
563 188 795 256 raaunrlt.
1097 198 1117 262 5

16 434 18 445 p
102 361 309 427 adulescentuli
326 369 420 437 luere,
437 384 521 440 quam
532 367 658 439 Sulpicio
675 366 770 435 Gallo,
786 366 901 423 homine
920 367 1005 424 docto
1018 377 1046 426 et
1063 387 1117 444 quo

16 448 17 451 ’
103 456 219 510 consula
236 453 311 509 ludis
322 448 525 524 Meqatouuua
541 452 650 507 initium
667 452 764 507 iecerit
776 452 930 507 tabularum
949 452 1116 524 dandarum,

15 534 17 541 ’
102 541 147 594 uel
160 538 194 606 Q.
206 537 294 593 Fabio
305 537 434 592 Labeone
446 541 474 591 et
484 537 522 590 Μ.
535 537 671 606 Popillio,
693 535 835 591 consulari
847 542 964 608 utroque
976 555 1008 593 ac
1020 540 1116 609 poeta.

100 621 169 678 Ideo
181 624 276 692 ipsum
287 635 343 675 non
355 620 473 675 iuuenes
487 618 670 692 designasse,
686 620 733 689 qui
746 635 777 674 se
788 619 934 676 adiuuisse
946 620 1115 688 dicerentur,

14 776 15 779 Ἴ
102 705 154 761 sed
172 708 265 772 uiros,
283 721 400 775 quorum
418 718 533 775 operam
549 710 576 758 et
594 704 623 758 in
640 704 714 758 bello
732 710 760 758 et
776 705 804 758 in
822 705 878 759 otio
902 711 929 760 et
950 707 979 761 in
1002 709 1145 779 negotios

99 791 224 862 populus
243 789 279 844 sit
292 794 436 859 expertus.

187 887 255 941 Post
272 884 362 941 editas
375 884 554 951 comoedias,
574 882 698 938 nondum
711 883 836 954 quintum
847 889 929 955 atque
941 886 1115 976 trigesimum

101 986 238 1042 egressus
248 985 361 1037 annum,
374 985 461 1025 causa
473 967 621 1024 euitandae
634 968 784 1039 opinionis,
798 983 853 1039 qua
865 967 1012 1025 uidebatur
1024 971 1115 1025 aliena

101 1070 153 1126 pro
171 1055 232 1109 suis
251 1054 352 1121 edere,
372 1070 423 1109 seu
440 1050 615 1124 percipiendi
627 1052 798 1107 Graecorum
816 1052 940 1108 instituta
955 1070 1114 1126 moresque,

102 1155 173 1209 quos
184 1137 303 1209 perinde
315 1138 484 1208 exprimeret
495 1137 523 1192 in
536 1137 662 1207 scriptis,
686 1152 820 1207 egressus
842 1140 936 1192 urbem
960 1143 1003 1192 est
1024 1152 1114 1207 nequa
1128 1147 1161 1200 ιο

103 1218 223 1293 amplius
241 1222 331 1276 rediit.
356 1223 395 1275 lle
411 1222 502 1276 inmte
515 1224 575 1276 eius
590 1221 736 1278 Volcatius
752 1223 793 1277 sic
808 1222 906 1278 tradit:

143 1303 203 1360 Sed
214 1310 243 1359 ut
255 1290 322 1359 dier
334 1319 384 1359 sex
395 1306 500 1375 populo
513 1302 602 1358 edidit
616 1300 790 1370 comoedias,

142 1388 198 1443 iter
210 1384 276 1444 hinc
288 1389 317 1442 in
328 1388 427 1443 Asiam
440 1387 514 1443 lecit.
545 1386 641 1443 nanim
654 1386 738 1457 quom
751 1389 839 1442 scnrel

145 1471 332 1540 Conscendit,
345 1473 425 1527 uisus
436 1471 625 1542 nrimquamst.
648 1472 689 1525 sic
701 1469 759 1526 uita
773 1479 863 1527 uacat.

102 1557 135 1625 Q.
157 1555 315 1612 Cosconius
332 1555 494 1611 redeuntem
515 1573 530 1610 e
545 1556 664 1611 Graecia
681 1556 792 1625 perisse
808 1556 837 1610 in
850 1551 865 1586 *
877 1558 946 1612 mari
964 1555 1032 1613 dicit
1049 1574 1112 1612 eum
1125 1565 1158 1617 15

102 1647 213 1696 centum
233 1646 261 1694 et
277 1647 340 1696 octo
354 1641 454 1697 tabulis
474 1640 619 1701 conuersis
638 1640 834 1695 aMenandro.
868 1639 958 1696 Ceteri
976 1647 1113 1696 mortuum
1125 1646 1167 1712 (5)

102 1741 168 1781 esse
186 1726 216 1779 in
232 1723 359 1780 Arcadia
370 1723 527 1796 Stymphali
539 1718 554 1753 *
567 1724 629 1778 sinu
647 1718 836 1779 Leucadiae*
852 1725 964 1781 tradunt
983 1724 1032 1780 Cn.
1048 1724 1113 1780 Cor·

102 1810 176 1864 nelio
199 1807 344 1865 Dolabella
365 1809 404 1863 M.
427 1808 525 1862 Fuluio
547 1807 690 1863 Nobiliore
716 1809 893 1876 consulibus,
918 1811 1015 1865 morbo
1034 1810 1113 1880 inpli-

102 1894 186 1948 citum
207 1894 265 1948 acri
283 1907 322 1947 ea
339 1891 435 1947 dolore
453 1908 485 1946 ac
502 1890 595 1947 taedio
608 1892 776 1947 amissarum
789 1894 978 1961 sarcinarum,
1001 1894 1113 1963 quasin

101 1977 169 2031 naui
194 1977 395 2048 praemiserat,
424 1993 457 2032 ac
481 1976 563 2031 simul
588 1977 756 2044 tabularum,
786 1993 855 2048 quas
883 1994 973 2033 nouas
997 1979 1159 2035 laceratio

100 2061 203 2116 Fuisse
222 2060 323 2116 dicitur
340 2060 475 2115 mediocri
494 2066 615 2127 statura,
635 2062 734 2132 gracili
756 2077 888 2132 corpore,
914 2064 1008 2117 colore
1022 2063 1112 2117 susce.

101 2143 225 2216 Reliquit
244 2144 346 2214 filiam,
367 2160 438 2215 quae
454 2151 519 2215 post
538 2144 622 2215 equiti
634 2144 762 2200 Romano
783 2147 891 2218 nupsit:
909 2146 973 2202 item
985 2145 1111 2202 hortulos

102 2230 203 2300 uiginti
215 2231 345 2300 iugerum
358 2229 405 2284 uia
415 2229 509 2300 Appia
526 2227 563 2283 ad
574 2229 671 2283 Martis
687 2230 816 2298 [uillam].
850 2231 910 2299 Quo
924 2231 1014 2303 magis
1026 2231 1112 2285 miror

101 2314 232 2368 Porcium
245 2312 383 2368 scribere:

613 2399 653 2452 nil
664 2397 776 2453 Publius
1123 2406 1158 2458 25

146 2478 244 2551 Scipio
257 2480 376 2551 protulit,
389 2480 428 2535 nil
440 2480 465 2535 ei
477 2479 604 2547 Laelius,
617 2483 655 2535 nil
666 2481 776 2547 Furius,

144 2563 215 2619 Tres
227 2580 278 2635 per
291 2563 366 2618 idem
379 2565 487 2635 tempus
500 2565 546 2637 qui
558 2566 701 2636 agitabant
712 2566 819 2621 nobiles
833 2562 991 2621 facillume:

143 2648 249 2721 Eorum
261 2649 306 2703 ille
319 2648 453 2719 operanti
467 2648 579 2704 domum
592 2649 707 2714 quidem
718 2647 813 2705 ha'buit
827 2646 1041 2718 conducticiam,
1081 2639 1086 2648 “

145 2730 252 2787 Saltem
263 2739 293 2788 ut
304 2739 380 2788 esset
392 2732 446 2804 quo'
459 2734 576 2788 referret
587 2734 692 2789 obitum
704 2734 809 2790 domini
822 2735 961 2790 seruulus.

188 2816 268 2871 Hunc
280 2817 415 2872 Afranius
436 2816 548 2889 quidem
568 2820 697 2874 omnibus
714 2819 830 2874 comicis
846 2820 970 2890 praefert
987 2818 1112 2874 scribens
1123 2823 1158 2877 30

100 2902 130 2955 in
144 2899 361 2971 Compitalibus:

145 2983 276 3039 Terentio
289 3001 345 3039 non
359 2980 479 3039 similem
491 2985 570 3040 dices
583 2984 753 3057 que'mpiam.

99 3068 248 3122 Volcatius
272 3074 365 3123 autem
387 3085 444 3123 non
461 3071 552 3124 solum
569 3070 677 3125 Naeuio
699 3076 726 3124 et
736 3070 833 3125 Plauto
857 3076 884 3124 et
901 3069 1038 3135 Caecilio,
1062 3070 1113 3124 sed

98 3151 209 3206 Licinio
227 3168 337 3223 quoque
356 3158 383 3206 et
400 3154 484 3208 Atilio
502 3155 655 3225 postponit.
689 3153 786 3210 Cicero
805 3154 833 3208 in
843 3154 956 3209 Limone
977 3153 1113 3209 hactenus

97 3234 213 3290 laudat:
1124 3241 1159 3295 35
1259 3248 1261 3257 ’

144 3318 188 3373 Tu
199 3336 326 3390 quoque,
340 3322 387 3391 qui
400 3323 477 3376 solus
489 3324 562 3376 lecto
576 3338 704 3377 sermone
715 3365 722 3389 ‚
734 3321 855 3388 Terenti,

145 3401 321 3459 Conuersum
333 3420 556 3477 expressumque
571 3405 666 3460 Latina
677 3421 748 3460 uoce
760 3403 945 3460 Menandrum
