2550 3984
404 842 789 917 rnuuoevs

169 1029 205 1087 Si
228 1032 436 1107 quisquamst,
460 1028 512 1104 qui
526 1025 654 1107 placere
677 1044 710 1086 se
732 1025 856 1087 studeat
875 1031 963 1089 bunis

169 1128 268 1202 Quam
293 1125 434 1205 plririmis
462 1132 496 1184 et
516 1126 651 1185 minume
672 1122 786 1185 multos
806 1124 944 1205 laedere,

169 1223 204 1282 ln
221 1224 270 1281 his
289 1225 382 1303 poete
403 1222 454 1281 hic
474 1223 587 1282 udmen
602 1221 769 1302 profitetur
786 1242 881 1285 suum.

170 1319 251 1379 'l'um
274 1320 369 1398 siquis
389 1326 452 1396 est,
475 1317 665 1396 qui-dictum
687 1319 720 1376 in
741 1338 775 1378 se
797 1319 1012 1382 inclementius
1050 1366 1053 1372 .

171 1418 376 1478 Existumubit
393 1418 478 1495 e'sse,
501 1418 546 1476 sic
567 1419 740 1493 existumet,
1080 1434 1096 1484 5

171 1515 381 1595 Respdusum,
403 1534 466 1574 uon
488 1513 603 1575 dietum
626 1517 713 1593 esse,
737 1518 808 1595 quia
828 1516 920 1577 laesit
942 1521 1040 1600 prior,

172 1613 231 1688 Qui
253 1615 333 1674 bene
355 1610 508 1673 uortendo
534 1620 567 1672 et
589 1611 713 1673 eisdem
735 1614 899 1675 scribendi
917 1617 996 1678 male

171 1711 217 1770 Ex
238 1712 367 1771 Graecis
388 1712 477 1770 bunis
498 1711 624 1771 Latinus
647 1712 723 1771 iecit
745 1715 808 1770 ndu
830 1714 934 1773 bonas.

173 1808 255 1868 Idem
277 1807 445 1869 Menandri
466 1809 597 1868 Phdsmc
617 1828 698 1867 nunc
721 1812 820 1890 nuper
842 1807 929 1869 dedit

170 1907 273 1985 Atque
298 1910 331 1965 in
353 1907 536 1966 Thensauro
557 1907 697 1986 scripsit,
719 1926 839 1966 causam
860 1907 966 1968 dicere
1062 1922 1097 1973 10

171 2003 261 2062 Prius
284 2002 367 2063 lande
388 1996 521 2083 petitur,
544 2005 651 2063 anirum
675 2023 734 2083 qua
755 2021 790 2063 re
812 2007 852 2063 sit
873 2024 969 2081 suom,

172 2101 269 2176 Quam
289 2100 356 2160 illie
375 2103 427 2181 qui
449 2103 544 2181 petit,
566 2101 649 2161 uude
673 2106 697 2160 is
719 2104 760 2161 sit
783 2103 968 2163 thensauris
989 2104 1049 2164 siti
1130 2099 1133 2104 ⁴

171 2201 234 2258 Aut
257 2197 338 2258 unde
358 2201 390 2259 iu
411 2201 544 2280 patrium
567 2203 798 2260 munumentum
818 2204 1009 2281 peruenerit.
1083 2253 1086 2258 .

170 2296 290 2356 Dehinc
312 2299 353 2357 ue
375 2297 547 2357 frustretur
564 2301 631 2377 ipse
656 2316 690 2358 se
712 2305 765 2358 aut
786 2300 830 2358 sic
854 2301 969 2376 migitet

171 2394 355 2455 ‘Defrinetus
377 2397 437 2456 iam
459 2413 541 2473 sum,
563 2395 609 2455 nil
631 2402 681 2457 est
705 2395 787 2475 qued
809 2395 891 2456 dicat
912 2397 1018 2455 mihi':
1062 2409 1095 2461 15

171 2493 198 2551 ls
218 2512 258 2552 ne
282 2496 369 2553 erret
390 2512 501 2552 moneo
523 2499 556 2551 et
578 2491 701 2554 desinat
720 2492 885 2553 lacessere.

170 2588 277 2649 Habeo
299 2575 358 2649 ilia
379 2587 491 2666 multu,
516 2588 594 2667 quae
616 2609 698 2648 nune
721 2589 957 2666 cundondbitur‚

171 2687 255 2761 Quae
277 2687 478 2767 prdferentur
500 2690 588 2767 pdst,
610 2688 637 2747 si
659 2694 771 2767 perget
791 2686 930 2765 laedere,

170 2785 213 2844 lta
233 2791 268 2844 ut
289 2785 394 2845 ficere
421 2786 566 2845 instituit.
606 2790 696 2865 quim
717 2806 799 2845 nune
821 2787 919 2845 acturi
938 2804 1041 2845 sumus

170 2881 336 2943 Menandri
350 2884 547 2961 Eunuchum,
567 2885 730 2963 pdstquam
746 2882 865 2943 aediles
880 2884 1033 2958 emerunt,
1061 2893 1096 2944 20

170 2978 308 3038 Perfecit
330 2981 390 3039 sibi
411 2985 445 3038 ut
466 2980 655 3061 inspiciundi
677 2987 761 3040 esset
781 2982 878 3060 cdpiu.

169 3075 370 3154 Magistritus
392 3096 484 3156 quom
512 3078 557 3136 ibi
581 3076 722 3154 adesset,
751 3080 910 3157 occepttst
931 3077 988 3154 agi.

170 3172 347 3251 Preltmat,
368 3175 486 3252 iurem,
508 3178 570 3236 utin
592 3177 714 3255 poetam
736 3172 872 3235 fibulam

169 3270 300 3331 Dedisse
323 3278 356 3332 et
377 3271 422 3332 nil
446 3271 569 3333 dedisse
588 3273 757 3333 uerburirm
778 3278 899 3331 tamen:

170 3368 315 3429 Colacem
337 3372 405 3431 esse
421 3371 518 3431 Naeui
538 3377 570 3431 et
589 3371 709 3449 Plariti,
731 3375 872 3430 ueterem
894 3365 1038 3442 fibulam,
1060 3376 1094 3428 25

167 3466 300 3528 Parasiti
320 3488 484 3549 personam
507 3469 580 3529 inde
602 3467 733 3528 ablatum
754 3474 787 3527 et
808 3464 925 3526 militis.

126 3554 309 3615 Tsnnnmrs.
865 3545 884 3607 5
