2550 3984
406 254 609 299 svmmvm
630 257 858 301 nmmum
1038 255 1112 303 XXV

99 417 274 489 suspectam
360 414 412 469 586
440 424 509 465 asae
536 411 595 463 aine
614 411 694 464 61666
778 418 829 471 601
856 409 912 468 eim
999 410 1112 473 665116

98 498 139 555 mi
167 495 249 553 hane
276 491 416 561 66111616,
444 488 563 548 reciduo
588 489 762 549 111616Ρ1.
792 512 851 551 uae
937 500 988 556 667
1011 492 1112 572 Quem

98 599 167 637 eum
188 579 267 636 16666
278 576 458 634 6616166661
479 572 640 646 habueris,
666 575 776 654 prieul
795 576 847 634 hie
869 585 973 636 666666
1059 589 1112 642 668

95 654 181 737 16666
268 681 321 736 669
333 670 427 749 Quid
441 673 482 730 616
503 670 678 731 1661666616
699 673 830 731 fortasse
850 676 934 752 post,
958 673 1038 734 idem
1053 675 1112 735 hoe

96 779 179 820 nune
205 759 232 816 61
258 756 381 815 feceris.
406 751 593 836 (61661181)
680 764 733 819 618
755 757 851 814 refert
876 758 954 817 nihil
1037 759 1111 818 illae

183 846 237 904 628
263 842 360 902 iratus
388 837 499 917 edepol
527 858 593 897 aum
678 839 851 902 6631161116
937 851 990 905 664
1010 843 1112 902 turbet

124 1002 126 1006 y
182 923 262 984 uelit
346 922 529 986 6486161661.
617 924 750 985 6471166
765 924 837 980 mihi
924 924 1111 1006 doletquam

97 1009 168 1084 tibi,
197 1007 304 1067 Lache
390 1015 442 1069 669
461 1006 572 1091 Neque
659 1006 786 1066 arbitrer
810 1005 884 1084 (eine
910 1012 1112 1069 interclusionis

15 1144 17 1165 2
97 1092 199 1170 6666)
285 1099 339 1153 666
359 1089 423 1169 qui]
448 1091 520 1170 quia
605 1098 658 1152 664
677 1091 782 1150 Lache
868 1099 1109 1156 666116616-

15 1208 16 1217 *
97 1182 291 1236 66666666166
376 1170 494 1250 676111]
516 1174 574 1233 hoc
659 1182 711 1237 633
733 1172 867 1234 adduc„
952 1185 1112 1240 68801690

97 1264 289 1319 caramancio
374 1264 426 1320 769
446 1277 516 1316 mea
534 1276 588 1316 om,
675 1266 727 1321 719
749 1278 849 1331 curre,
870 1278 962 1337 puer,
985 1260 1025 1319 ad

15 1388 17 1397 ,
96 1353 150 1407 722
174 1342 341 1423 itidemque
425 1329 545 1400 Lache’
616 1342 835 1404 7266616616
920 1351 972 1406 762
992 1343 1109 1403 Lache.

15 1778 18 1877 l

96 1429 157 1490 LA.
185 1424 296 1505 edepol
326 1422 416 1484 oredo
501 1434 553 1488 765
584 1426 705 1505 quaesti
733 1428 773 1486 mi
803 1427 902 1486 6116166
987 1437 1039 1491 788
1060 1447 1110 1486 res

99 1511 196 1570 omnis
282 1517 334 1571 739
358 1508 384 1567 61
411 1507 443 1567 id
470 1528 551 1568 11666
579 1509 657 1567 faeie
742 1518 795 1575 743
818 1510 872 1570 866
899 1509 973 1589 qaid
1058 1519 1111 1573 744

98 1596 174 1655 Sine
190 1593 277 1652 dum:
365 1593 520 1655 74611666
605 1592 687 1672 quod
700 1600 731 1651 te
743 1594 829 1652 66161
913 1596 1041 1654 uxorem
1055 1595 1109 1652 ha·

95 1678 151 1738 bet
235 1684 286 1740 747
303 1676 381 1734 istac
465 1665 603 1738 76661111
620 1678 768 1737 6166116111
851 1686 902 1740 761
921 1678 1026 1737 Lache

98 1770 151 1825 756
163 1769 294 1840 quaestu
315 1759 373 1817 hoo
458 1767 510 1822 769
526 1780 595 1818 6616
608 1780 661 1820 om.
747 1767 800 1824 762
816 1761 906 1819 etiam
917 1761 977 1819 hoo
993 1759 1110 1820 credidi

184 1852 237 1908 763
252 1841 355 1923 quam]
379 1862 446 1902 oum
530 1851 582 1906 766
600 1838 704 1902 A'liter
726 1845 768 1902 si:
792 1852 839 1903 666
859 1844 1042 1924 repprimam
1061 1862 1110 1903 me
1202 1895 1205 1899 ,

183 1935 235 1991 766
260 1927 359 2006 qualis
389 1929 445 1985 sim
473 1929 588 1986 amieos
672 1934 726 1989 768
747 1927 867 1986 Defieri
954 1948 1030 2008 opus
1056 1926 1109 2005 616]

100 2022 146 2071 666
232 2018 284 2074 769
306 2009 361 2069 Set
378 2012 493 2070 666616
516 2019 619 2070 satura
643 2019 734 2088 atque
749 2012 833 2069 ebria
856 2031 903 2083 66,
925 2020 956 2070 66
977 2014 1110 2092 piarat

99 2105 183 2155 satur
211 2096 252 2153 616
279 2093 383 2153 finito.
470 2102 523 2156 776
540 2095 689 2153 nutricem
713 2114 808 2172 puero
892 2102 946 2158 786
967 2096 1013 2154 616
1037 2097 1109 2173 16616

99 2187 146 2237 est
232 2187 349 2255 gnatus·
427 2186 481 2242 784
501 2176 633 2237 narras?
662 2181 773 2258 quiana
795 2199 854 2238 non
876 2186 941 2237 tute
962 2181 1029 2257 ipse
1056 2179 1109 2237 du·

98 2261 170 2321 dum
255 2269 306 2324 787
324 2264 442 2343 iaique
455 2263 547 2342 exple
564 2263 601 2320 iis
622 2263 770 2335 animum,
790 2273 825 2323 66
846 2262 974 2322 erodant
1058 2270 1111 2324 788

96 2345 146 2405 his
166 2364 267 2404 meum
289 2344 354 2404 fore
439 2352 490 2409 791
510 2349 609 2404 desunt
624 2350 691 2403 unci
774 2344 902 2423 798166]
917 2364 973 2404 666
1058 2352 1111 2408 794

97 2428 172 2488 mihi
194 2426 275 2508 quod
361 2436 412 2491 795
434 2431 536 2488 ineam
552 2430 618 2487 eine
633 2448 700 2486 meo
786 2430 899 2506 prosim
985 2436 1036 2491 797
1052 2434 1111 2485 sine

97 2518 177 2570 uncis
262 2513 297 2570 66
317 2512 507 2572 nobilitatem
534 2513 574 2571 ex
601 2531 639 2571 ea
665 2530 699 2569 re
725 2511 846 2571 nietam
930 2517 984 2573 798
1001 2510 1111 2570 Refert

98 2595 229 2673 gretiam
260 2595 301 2653 eii
385 2597 484 2672 iungit
568 2604 621 2659 892
649 2596 809 2675 quisquam
894 2593 1138 2683 6666161661ι

98 2696 230 2758 quaeso,
256 2686 310 2736 666
333 2698 367 2739 66
451 2688 504 2741 812
525 2680 566 2737 mi
589 2677 715 2738 dederat
798 2688 851 2742 818
871 2676 1026 2737 audiuerit

98 2771 151 2825 926
172 2770 334 2840 postquam
349 2761 440 2822 uideo
462 2761 667 2840 (6166669616)
753 2764 1026 2841 827666666661161

97 2855 152 2909 860
174 2847 317 2922 cognouit
330 2845 489 2924 Myrrhina
510 2846 588 2904 haee
673 2853 726 2908 864
741 2848 804 2905 non
826 2845 932 2905 uolunt
945 2845 1025 2905 aliae

98 2930 308 2987 1111616666
367 2938 420 2992 846
435 2930 499 2988 6166
517 2933 577 2987 aine
596 2934 676 2986 oncis
759 2938 812 2992 842
832 2929 973 3008 pellicias
1058 2937 1110 2990 846

99 3011 173 3070 dixe
196 3012 304 3089 opinor
389 3020 442 3075 846
463 3032 549 3094 epum
573 3012 695 3072 anulum
780 3021 831 3075 847
853 3012 926 3070 mihi
942 3022 973 3072 66
1058 3019 1110 3074 849

99 3114 154 3174 pro
177 3094 236 3153 hoe
257 3105 289 3155 66
374 3090 538 3175 86211666
558 3096 590 3154 66
612 3096 665 3176 qui
748 3095 858 3159 859116
877 3096 1030 3176 uoluptati
1046 3094 1109 3153 obi·

98 3187 165 3252 666,
194 3179 309 3254 sermo,
338 3177 460 3238 61116666
487 3181 557 3240 tuiis
642 3188 693 3242 861
722 3198 870 3258 nusquam
955 3187 1007 3242 866
1028 3176 1109 3254 meo]

15 3302 16 3319 1
99 3263 160 3320 iam
246 3271 299 3325 866
319 3262 394 3340 non]
416 3263 491 3323 11666
574 3263 791 3326 869666616616
814 3264 851 3321 iri
936 3269 988 3325 876
1010 3270 1041 3320 66
1061 3280 1109 3321 me

15 3390 18 3415 p
100 3364 141 3404 ex
226 3353 278 3409 877
300 3346 395 3405 Immo
416 3349 491 3406 6616
513 3348 577 3406 6616
663 3345 873 3409 8860111666
896 3365 949 3403 orn.

185 3515 372 3588 Adelphen
399 3533 425 3572 o.
451 3464 529 3575 [60
552 3533 585 3573 ae
608 3513 675 3592 ipse
699 3513 771 3571 erit:
795 3530 859 3644 noob
869 3511 957 3628 ppilis
980 3509 1109 3584 16111666,
