2550 3984
210 901 248 992 0.
284 896 568 992 stltttltll
608 896 984 1005 lltlltlllll

405 1062 497 1148 llll
525 1065 563 1148 Ρ.
585 1064 780 1150 tlunltll.

171 1372 203 1428 P.
230 1366 433 1429 TERENTIVS
455 1372 524 1426 Ater
550 1344 719 1444 cartilagine
744 1381 825 1429 natus
847 1375 964 1430 seruiuit
988 1373 1095 1429 Romae

84 1459 217 1514 Terentio
235 1457 348 1512 Lucano
369 1457 505 1525 senatori,
529 1472 546 1509 a
566 1471 620 1526 quo
640 1458 675 1513 ab
692 1458 836 1530 ingenium
858 1467 885 1513 et
902 1460 1019 1513 lormam
1040 1474 1095 1511 non

85 1544 227 1600 institutus
246 1540 331 1596 modo
350 1541 499 1596 liberaliter
511 1538 562 1595 sed
575 1545 602 1595 et
613 1549 720 1597 mature
732 1558 816 1597 manu
827 1543 932 1598 missus
945 1549 997 1597 est.
1030 1541 1095 1609 Qni-

86 1628 151 1683 dam
169 1631 283 1695 captum
300 1639 364 1680 esse
387 1625 561 1679 existimant:
585 1624 661 1694 quod
677 1626 738 1680 lieri
762 1628 837 1681 nullo
861 1626 946 1681 modo
968 1627 1095 1697 potuisse

85 1711 245 1767 Fenestella
264 1707 358 1781 docet,
379 1724 442 1763 eum
457 1709 527 1763 inter
539 1707 624 1763 finem
636 1710 754 1766 secundi
766 1711 830 1766 belli
841 1710 937 1765 Punici
950 1718 977 1764 et
989 1710 1094 1764 initium
1106 1719 1123 1771 s

86 1797 159 1850 tertii
171 1799 254 1848 natus
266 1793 302 1847 sit
313 1797 340 1847 et
357 1798 497 1848 mortuns:
516 1809 583 1858 nec,
603 1794 626 1847 si
648 1793 804 1849 aNumidis
824 1801 870 1848 ant
885 1793 1009 1849 Gaetulis
1028 1809 1094 1864 cap·

85 1887 129 1936 tus
146 1880 198 1945 sit,
212 1876 318 1932 adduci
327 1876 444 1931 Romam
454 1877 543 1948 ibique
554 1879 671 1932 naenire
682 1878 826 1948 potuisse,
839 1878 914 1933 nullo
927 1878 1095 1933 commercio

85 1965 157 2019 inter
168 1963 280 2018 italicos
293 1967 320 2015 et
331 1961 417 2015 Atros
430 1961 484 2016 nisi
498 1967 563 2031 post
576 1960 696 2016 deletam
709 1962 907 2033 Carthaginem
923 1969 1033 2032 coepto.

171 2047 224 2101 Hic
240 2061 303 2100 cum
321 2045 414 2100 multis
435 2046 575 2100 nobilibus
599 2046 771 2101 familiariter
794 2046 877 2113 uixit,
902 2045 954 2101 sed
975 2046 1095 2100 maxime

84 2149 150 2189 cum
163 2130 297 2201 Scipione
308 2129 443 2183 Africano
457 2127 522 2184 etC.
536 2128 641 2195 Laelio,
655 2130 755 2201 qulbus
768 2131 851 2186 etiam
864 2131 990 2201 corporis
1005 2131 1094 2203 gratia
1106 2140 1141 2191 10

83 2205 253 2273 conciliatus
272 2213 462 2273 existimatur:
486 2212 563 2284 qnod
581 2219 608 2268 et
627 2213 720 2283 ipsum
737 2214 895 2269 Fenestella
917 2216 1008 2286 arguit
1030 2231 1095 2268 con-

83 2300 206 2357 tendens
224 2303 340 2368 utroque
358 2298 492 2352 maiorem
503 2304 569 2353 natu
581 2296 686 2364 luisse,
704 2299 832 2368 quamuis
845 2304 872 2352 et
884 2297 1028 2353 Cornelius
1041 2299 1095 2352 Ne·

80 2402 137 2457 pos
157 2382 290 2454 aequales
308 2396 406 2435 omnes
418 2378 506 2436 luisse
517 2381 609 2437 tradat
620 2388 647 2436 et
657 2381 773 2437 Porcius
785 2383 969 2452 suspitionem
983 2382 1018 2435 de
1031 2399 1095 2436 con-

82 2465 235 2525 suetudine
248 2482 300 2537 per
310 2464 380 2519 hacc
393 2466 491 2521 iaciat:

125 2551 201 2606 Drim
214 2545 359 2632 lasciniam
370 2550 504 2604 nobilium
517 2554 544 2603 et
556 2548 655 2605 laudes
667 2546 781 2605 lucustis
793 2549 872 2620 petit,
1108 2560 1140 2611 15

125 2636 200 2692 Dum
211 2634 335 2690 Africani
348 2633 447 2688 uocem
460 2630 584 2688 diuinam
596 2630 684 2689 inhiat
696 2633 788 2689 auidis
801 2634 925 2700 auribus,

126 2720 203 2775 Drim
215 2737 246 2774 se
258 2718 295 2773 ad
307 2718 420 2773 Furium
436 2733 538 2771 cenare
549 2722 577 2770 et
588 2718 713 2772 Laelium
724 2717 870 2789 pulchrum
881 2723 969 2791 putat,

125 2803 244 2860 Drimsc
289 2839 561 2855 ......
605 2802 704 2857 crebro
716 2803 745 2856 in
756 2802 896 2857 Albanum
907 2804 978 2874 rapi,

126 2888 201 2942 Drim
214 2902 245 2941 se
257 2887 291 2941 ab
303 2886 347 2941 his
359 2881 447 2941 amari
460 2885 548 2940 credit
560 2884 595 2940 ob
608 2883 708 2940 liorem
720 2881 819 2940 aetatis
832 2899 916 2940 suae:

126 2970 196 3054 ljost
208 2970 323 3026 sublatis
335 2970 419 3027 rebus
431 2968 468 3023 ad
480 2985 617 3024 summam
631 2966 755 3041 inopiam
765 2966 896 3023 redactus
909 2974 962 3025 est.
1106 2978 1143 3030 20

126 3059 224 3124 ltaque
236 3071 251 3110 e
263 3058 416 3126 conspeetu
427 3052 550 3108 omnium
562 3054 628 3108 abiit
640 3053 785 3108 Graeciam
798 3054 941 3107 interram
953 3054 1086 3109 ultimam·

126 3139 268 3194 Mortuost
280 3139 308 3192 in
321 3123 483 3210 Stpmphalo
494 3134 635 3192 Arcadiae
643 3136 768 3208 oppido:
781 3137 820 3190 nil
830 3137 945 3192 Publius

129 3221 227 3294 Scipio
239 3223 358 3292 proluit,
371 3222 410 3275 nil
421 3222 446 3275 ei
456 3220 584 3288 Laelius,
597 3221 635 3275 nil
650 3221 760 3286 Fririus,

128 3306 200 3362 Tres
211 3322 263 3377 per
274 3306 351 3361 idam
363 3305 473 3375 tempus
486 3305 532 3375 qui
543 3305 686 3376 agitabant
697 3303 805 3359 nobiles
818 3300 975 3358 laeiliume:

91 3386 97 3395 '
127 3391 234 3445 Eorum
246 3390 291 3445 ille
303 3405 391 3460 opera
402 3388 437 3443 ne
450 3387 562 3443 domurn
576 3387 689 3458 quidem
702 3385 797 3443 halruit
809 3381 1022 3451 conductitiam,
1107 3398 1142 3450 25

128 3472 236 3530 Saltem
248 3480 277 3527 ut
289 3479 365 3529 esset
376 3472 432 3543 qno
443 3473 560 3527 reterret
571 3472 675 3526 obitum
689 3470 793 3525 domini
806 3468 946 3524 se'ruolus.
962 3472 968 3482 '

847 3547 890 3609 1„
