2550 3984
604 222 812 298 ΑΝΒΒΙΑ,
1050 229 1217 281 1154-82

289 392 470 454 Perduxere
489 391 579 470 illue,
599 395 702 453 secum
724 401 759 454 ut
781 414 840 454 una
862 396 961 473 esse't,
981 415 1092 462 meum.

160 505 170 526 ¹
288 493 420 570 Egome't
437 493 582 553 continuo
604 494 723 553 meeum
746 498 845 554 ‘certe
865 490 972 574 eaptus
995 504 1058 555 estr

288 584 408 652 Habet?
432 593 631 674 dbseruabam
652 596 741 652 mine
761 591 884 653 illorum
907 592 1047 654 seruulus

288 687 452 750 Venientis
474 695 525 748 aut
546 690 704 749 abedntis:
727 691 896 767 mgitabam
914 687 1005 752 ‘heris
1027 708 1117 773 puer,

289 786 345 845 Die
368 784 477 862 sddes,
500 787 568 865 quis
590 786 660 846 heri
683 788 868 867 Chrysidem
888 790 1028 849 habuit‘e’
1057 811 1126 849 nam
1149 773 1216 849 dn-

662 883 747 944 driae
989 946 992 950 Α
1175 895 1214 948 85

286 977 334 1038 ssli
357 978 388 1038 id
411 987 478 1040 erat
499 998 620 1042 nomen.
656 981 706 1041 Su.
736 981 854 1043 Te'neo.
888 983 931 1042 Sl.
960 982 1136 1044 Phaedrum
1160 992 1215 1044 aut

658 1078 789 1138 Cliniam

287 1173 438 1234 Dicebant
458 1181 509 1235 aut
529 1176 723 1236 Niedretum:
744 1197 813 1236 nam
834 1178 866 1236 hi
887 1182 953 1238 tres
975 1181 1041 1238 tium
1062 1176 1154 1237 simul

285 1272 445 1331 Amdbant.
465 1274 552 1351 ‘eho,
574 1274 648 1354 quid
658 1274 882 1355 Ptmphilus‘t'¹
897 1276 1017 1354 “quid‘?
1040 1276 1213 1337 srimbolam

285 1368 395 1446 Dedit,
418 1373 575 1432 cenauit.”
598 1373 776 1451 gaudebam.
810 1374 885 1432 item
908 1373 968 1434 alid
992 1373 1043 1434 die

286 1469 492 1543 Quaerebamr
515 1473 742 1551 comperiebam
762 1470 808 1531 nil
830 1471 868 1531 ad
889 1470 1082 1552 Pimphihrm
1176 1481 1214 1535 90

286 1565 453 1642 Quicquam
476 1567 619 1627 ittinere.
653 1569 734 1655 enim
756 1569 831 1627 uero
853 1552 1023 1648 speciatim
1044 1568 1118 1628 satis

286 1661 433 1723 Putabam
454 1670 487 1724 et
502 1682 648 1741 magnum
670 1663 843 1743 exemplum
864 1663 1089 1723 continentiae:

284 1760 359 1820 Nam
381 1764 435 1842 qui
457 1763 673 1841 eumtingeniis
695 1763 889 1822 ednflietatur
910 1759 1081 1820 eiusmodi

282 1858 391 1938 Neque
413 1862 623 1920 edmmouetur
644 1863 762 1920 inimus
783 1862 816 1918 in
839 1878 875 1920 ea
895 1859 932 1918 re
952 1860 1066 1936 tamen,

284 1955 369 2014 Scias
391 1959 483 2036 pdsse
505 1958 622 2017 habere
643 1958 704 2017 iam
717 1960 815 2038 ipsum
831 1975 904 2017 suae
919 1958 1003 2017 uitae
1018 1957 1151 2018 modum.
1174 1967 1212 2020 95

284 2053 381 2128 Quum
403 2052 436 2113 id
458 2056 532 2114 thi
553 2054 713 2135 placebat,
734 2061 800 2115 tum
821 2057 881 2114 rino
905 2073 960 2114 ore
983 2074 1088 2114 omues
1105 2057 1211 2116 dmnia
1253 2081 1257 2088 ·

284 2151 369 2210 Bona
392 2151 498 2212 dicere
521 2160 554 2213 et
573 2152 702 2213 laudtre
723 2154 863 2213 fortunas
884 2171 977 2232 meas,

285 2248 342 2323 Qui
365 2254 488 2328 guttum
508 2252 657 2312 haberem
677 2249 733 2311 tali
753 2251 878 2328 ingenio
900 2247 1086 2331 praeditum.

284 2346 363 2420 Quid
386 2348 491 2408 uerbis
512 2368 589 2429 opus
611 2349 683 2409 est?
712 2350 769 2408 hie
790 2349 870 2408 fama
891 2347 1033 2428 inpulsis
1055 2349 1209 2410 Chremes

283 2444 373 2505 Vltro
397 2446 435 2506 dd
456 2466 505 2508 me
527 2449 629 2526 uenit,
652 2446 772 2508 unicam
791 2451 911 2524 gnatam
931 2466 1015 2505 suam
1156 2460 1211 2511 100

283 2544 359 2604 Cum
381 2544 453 2606 ddte
474 2566 588 2606 summa
609 2546 678 2606 issiu
699 2563 826 2604 uxorem
848 2544 883 2603 ut
900 2542 998 2603 daret.

168 2652 180 2687 ι’»
280 2627 416 2701 Plaeuit:
437 2640 604 2722 despondi:
625 2643 677 2701 hic
695 2643 812 2722 miptiis
834 2641 949 2702 dictust
969 2640 1046 2702 dies.

242 2783 248 2796 .
284 2736 363 2811 Quid
386 2742 480 2817 igitar
502 2743 619 2817 obstat,
643 2744 720 2818 qudr
740 2761 802 2799 non
822 2742 924 2801 fiant?
957 2741 1001 2801 Sr.
1025 2739 1155 2801 Audies.
1266 2742 1270 2747 ’

280 2834 393 2894 Ferme
415 2840 446 2894 in
469 2834 578 2895 diebus
600 2837 723 2917 paucis,
746 2839 855 2915 quihus
874 2837 950 2897 haec
970 2840 1038 2896 aeta
1059 2845 1141 2912 sunt,

280 2933 409 3012 Chrysis
425 2934 526 3012 uicina
542 2936 619 2994 haee
634 2936 775 2994 muritur.
800 2933 849 2994 So.
867 2935 894 2992 0
909 2933 1026 2994 factum
1039 2934 1136 2994 bene:
1154 2948 1208 2999 105

279 3028 399 3088 Bedsti:
435 3031 465 3090 ei
490 3033 586 3091 metui
608 3029 805 3109 uChrpside.
837 3030 880 3090 Sl.
902 3031 948 3090 lbi
968 3037 1033 3090 tum
1053 3030 1141 3092 filius

280 3125 357 3184 Cum
375 3124 454 3205 illis,
478 3128 530 3206 qui
551 3135 689 3187 amarant
710 3126 910 3206 Chrysidem,
930 3147 990 3186 una
1010 3126 1117 3189 aderet
1138 3130 1207 3190 fre-

656 3243 769 3302 quens:

278 3317 412 3387 Curibat
433 3338 494 3378 una
510 3318 618 3379 fhuus:
641 3321 740 3380 tristis
761 3321 897 3398 interim,

275 3412 345 3473 Non
365 3415 528 3492 nimquam
552 3415 808 3477 conlacrumdbat.
841 3414 958 3495 placuit
977 3421 1041 3476 tum
1063 3415 1096 3475 id
1117 3418 1205 3479 mihi.
