2550 3984
161 226 223 290 148
413 227 598 288 HEAVTON
623 227 913 289 Tiuouvuuuos.
968 234 1168 289 111153-84

187 421 190 426 ’
247 409 328 487 Quid
350 413 382 471 te'
403 412 540 472 futurum
559 412 679 487 censes,
703 429 793 489 quem
813 407 943 469 adsidue
964 409 1122 488 exedent?

247 510 298 569 Sic
317 510 365 568 me
387 508 418 568 di
441 513 596 586 amabunt,
616 512 651 570 uit
672 527 721 568 me
744 516 863 568 tunsum
886 513 1098 588 miseritumst,

121 628 146 669 ss
244 606 441 684 Menedeme,
461 607 664 667 fortuutrum.
694 608 757 668 Mu.
774 607 881 666 Faciat
902 606 1080 686 quidlubet:

246 706 354 766 Sumit
372 713 530 765 consumat
552 705 673 784 perdat,
698 704 888 780 decretiimst
910 708 986 785 pati,
1114 718 1168 771 465

245 803 323 864 Dum
334 802 421 864 illuim
434 803 525 863 ruodo
538 805 667 866 lisbeum
679 806 807 863 me'cum.
825 805 883 864 Cu.
898 804 932 864 si
947 806 1097 865 certumst
1108 808 1168 865 tibi

245 903 298 966 Ste
317 904 433 982 ficere,
455 902 532 962 illud
553 905 712 983 perinsigni
735 921 769 962 re
791 903 878 962 ferre
900 904 1047 981 tibitibi,

244 1003 288 1064 Vt
307 1004 349 1062 ne
369 1002 520 1062 scientem
541 1003 655 1061 sentiat
678 1007 710 1060 te
731 1001 762 1059 id
786 1003 844 1061 sibi
866 1000 951 1062 dere.

122 1116 147 1157 su
160 1103 224 1164 Mu.
245 1101 326 1178 Quid
341 1100 475 1164 ficium?
497 1101 555 1160 Cn.
571 1099 702 1175 Quiduis
715 1102 818 1178 petius
835 1120 923 1178 quum
940 1099 1023 1179 quud
1034 1103 1168 1179 segites:

244 1199 420 1260 Petilium
442 1200 581 1277 quemuis
603 1198 638 1258 uit
660 1197 730 1257 des:
753 1197 821 1259 fulli
843 1201 876 1257 te
898 1200 978 1257 sines
1114 1209 1169 1263 470

244 1300 393 1360 'l'eubiuis
414 1317 471 1377 per
491 1296 662 1357 seruolum:
686 1298 744 1356 etsi
764 1298 905 1357 subsensi
925 1296 958 1358 id
980 1317 1113 1378 qunque,

244 1397 317 1458 llbts
338 1398 381 1456 ibi
399 1415 479 1472 esse,
501 1395 534 1455 iu
554 1402 648 1474 igere
668 1397 752 1455 inter
775 1415 808 1456 se
832 1393 1014 1472 clanculum.
1031 1408 1076 1478 ⁹,

247 1495 343 1573 Syrus
363 1514 430 1553 eum
452 1492 506 1554 illu
529 1501 635 1554 uestro
659 1496 887 1566 ebnsusurrant,
910 1495 1075 1552 uenierunt

249 1590 385 1651 Consilia
407 1591 444 1651 ud
466 1590 690 1651 adulescentis:
712 1599 744 1650 et
766 1592 822 1650 tibi
844 1590 979 1669 perdere
1047 1649 1051 1657 ,

249 1687 413 1748 'l'ulentum
428 1690 487 1749 bne
504 1697 594 1769 paeto
615 1689 710 1747 sitius
726 1695 774 1747 est
791 1708 878 1765 quam
902 1685 956 1746 illu
972 1690 1091 1746 minum.
1114 1698 1168 1752 475

246 1787 314 1845 Nun
336 1789 416 1846 mine
437 1788 567 1867 pecunia
588 1787 698 1863 igitur,
721 1785 775 1844 sed
797 1784 875 1858 iliud
897 1788 956 1862 quui
980 1783 1069 1844 modu
1096 1772 1159 1824 ἶν’

246 1885 384 1943 Μίηιιηιό
405 1882 523 1963 periclo
544 1882 577 1968 ¹3¹.
595 1882 701 1942 demus
724 1882 966 1942 adulescentulo.

245 1981 321 2040 Nam
343 1985 369 2041 si
391 1979 486 2041 semel
507 1988 589 2040 tuum
614 1967 745 2039 inimum
767 1980 821 2040 ilie
843 1979 1046 2055 intellexerit,

245 2079 334 2139 Prius
354 2078 548 2159 pridituruin
571 2081 602 2139 te
623 2087 705 2138 tuum
727 2082 821 2139 uitam
843 2082 875 2138 et
897 2081 981 2158 prius

247 2177 413 2236 Pecuniam
426 2196 556 2254 omnem,
569 2197 659 2256 quum
672 2181 725 2236 ibs
738 2185 769 2238 te
781 2180 901 2237 emittas
913 2177 1025 2236 filium:
1038 2177 1103 2253 bui,
1114 2188 1170 2241 480

232 2277 396 2353 ‘Quantum
416 2277 584 2338 fenestram
606 2275 645 2335 sd
667 2279 837 2354 nequitiem
859 2277 1056 2355 patefeceris,

247 2375 321 2435 Tibi
342 2378 444 2435 mitem
465 2394 560 2454 porro
582 2381 617 2434 ut
637 2378 699 2434 nun
716 2376 757 2434 sit
779 2394 872 2434 suane
894 2376 1016 2433 uiuere!

245 2474 321 2533 Num
344 2472 518 2533 deteriores
539 2476 645 2533 brunes
665 2493 767 2532 sumus
785 2473 919 2533 liuentis.

246 2569 348 2647 [Quod
363 2574 495 2648 quoique
511 2591 664 2650 quumque
682 2571 828 2630 inciderit
842 2573 873 2630 in
888 2573 1032 2646 mentem,
1055 2570 1156 2646 uolet,

245 2669 353 2747 Neque
373 2669 404 2727 id
424 2671 544 2747 putabit
565 2674 732 2748 prinumne
755 2689 793 2727 an
812 2671 931 2728 reetinn
952 2669 1033 2747 siet}
1115 2680 1169 2732 485

246 2766 296 2825 Tu
318 2770 382 2825 rem
405 2768 510 2845 perire
533 2774 566 2825 et
585 2768 684 2845 ipsum
707 2786 767 2825 nnn
789 2770 906 2845 poteris
926 2768 998 2846 peti.

245 2865 327 2923 Dure
349 2863 526 2942 denegaris:
548 2866 606 2923 ibit
628 2864 667 2923 ud
688 2864 766 2924 illud
789 2863 872 2941 ilico,

246 2964 313 3038 Quo
336 2967 473 3021 maxume
495 2960 575 3041 apud
597 2968 629 3021 te
652 2965 687 3021 se
708 2961 816 3024 ualere
838 2966 975 3023 sentiet:

122 3073 170 3148 οι)Κ
245 3062 409 3121 Abiturum
431 3079 466 3121 se
487 3061 542 3120 nbs
562 3068 596 3121 te
617 3080 687 3121 esse
708 3061 780 3121 {lico
802 3064 977 3124 minibitur.

160 3160 225 3222 Mu.
245 3158 363 3220 Videre
386 3178 460 3220 uers
482 3165 574 3239 utque
597 3164 640 3219 itu
660 3162 705 3220 uti
727 3180 778 3221 res
800 3168 849 3220 est
871 3159 986 3221 dicere.
1116 3172 1172 3224 490
1259 3207 1260 3242 3

160 3259 218 3320 Cn.
243 3260 389 3319 Somnum
403 3257 513 3319 hercle
528 3278 585 3338 ego
600 3260 659 3319 hue
673 3266 765 3319 noete
781 3258 877 3319 ‹iculis
893 3278 954 3318 non
970 3258 1036 3318 uidi
1052 3262 1142 3336 meis,
1258 3255 1260 3267 ’

244 3358 323 3417 Dum
344 3357 377 3417 id
400 3359 526 3436 quaero,
547 3359 604 3418 tibi
624 3359 676 3436 qui
698 3357 797 3416 filium
816 3362 1025 3419 restituerem.

159 3455 224 3516 Mn.
245 3454 332 3514 (ledo
345 3453 500 3516 dextrum:
516 3475 611 3535 porro
626 3459 659 3516 te
670 3454 753 3518 idem
765 3476 820 3516 unu
834 3466 869 3516 ut
882 3457 988 3536 facies,
1003 3458 1171 3523 Chremes.
