2550 3984
151 148 214 212 150
403 149 590 212 HEAVTON
612 150 901 216 immitandus,
952 160 1154 220 111210-38
1180 211 1184 216 .

85 325 89 334 ⁸
112 355 135 395 ιο
234 334 366 415 Aquilae
381 339 534 396 senectus.
559 335 617 396 Cn.
631 336 719 396 Heia.
743 337 796 397 Su.
813 337 931 400 Mulier
947 339 1116 418 cdmmnds,

233 433 347 494 Faceta
360 435 438 492 haec
453 435 610 496 meretrix.
628 435 785 496 CmSaine.
809 437 861 496 Su.
869 436 954 498 idem
968 439 1064 497 uisdst
1076 440 1154 498 tibi?
1268 474 1271 518 g

160 551 163 554 ·
233 532 274 591 Et
290 532 430 609 quidem,
453 551 525 610 ere,
545 533 644 593 formu
658 532 825 594 laiculentu.
848 535 905 596 Cn.
921 535 972 595 Sic
987 537 1071 600 satis.
1096 603 1099 604 ⁷

150 631 201 691 Su.
231 632 275 690 lta
296 634 357 690 ndn
378 630 514 708 aialim,
537 630 593 692 se'd
613 633 659 692 uti
680 652 772 710 nuiss,
795 636 868 711 sane
888 634 984 693 bona:

233 729 433 807 Minumeqne
453 731 564 806 miror,
588 728 689 789 Clinia
709 729 789 788 hane
810 730 837 790 si
856 730 994 811 deperit:
1101 744 1152 797 525
1269 749 1270 760 ¹

111 842 134 886 iu
233 825 295 885 Sed
318 828 411 886 hahet
433 834 552 907 putrem
572 825 725 905 quendam
743 826 877 906 auidam,
897 829 1042 888 miserum
1058 836 1151 909 utque

602 924 731 1002 dridum,

231 1022 374 1083 Vicinum
395 1023 492 1082 hune:
514 1023 652 1082 noluisti?
674 1024 858 1102 aequastis
879 1042 941 1082 non
962 1023 1046 1085 ditiis

230 1119 387 1196 Absindet,
410 1126 518 1197 gnatus
540 1122 605 1179 eius
627 1120 766 1199 profugit
787 1122 900 1199 inopia.

232 1216 298 1275 Scis
322 1217 389 1278 esse
411 1219 523 1277 iactum
547 1225 582 1277 ut
603 1217 697 1277 dicat
719 1218 776 1277 Cn.
792 1218 874 1294 Quid
889 1239 946 1298 ego
963 1222 998 1279 ns‘
1009 1220 1125 1280 scium?

229 1314 394 1376 Hominem
410 1317 542 1395 pistrino
565 1316 698 1394 dignum.
733 1316 786 1377 Su.
809 1319 929 1393 Quem?
966 1320 1024 1378 Cn·
1046 1318 1149 1378 istunc
1193 1338 1204 1349 ·

602 1412 758 1472 seruolum
1097 1426 1151 1479 530

105 1523 131 1562 20
228 1510 304 1569 Dico
326 1508 543 1588 idulescentis‚
588 1512 640 1571 Su.
658 1512 746 1591 Syre,
769 1513 826 1572 tibi
847 1514 934 1572 timui
953 1511 1042 1574 male.

145 1607 202 1668 Gn.
233 1611 285 1688 qui
300 1614 407 1688 passus
422 1616 470 1669 est
484 1609 516 1669 id
531 1609 612 1669 fieri.
634 1610 686 1670 Su.
705 1610 786 1685 Quid
799 1611 942 1672 iaceret-‘3
958 1611 1148 1690 CmRugas‘i

228 1704 356 1786 Aliquid
377 1709 543 1787 reperiret,
565 1709 701 1787 fingeret
719 1708 867 1787 fallacias,
1171 1730 1175 1736 ·

227 1805 318 1866 Vnde
340 1808 423 1865 esset
440 1804 642 1884 adulescenti,
665 1809 778 1868 amicae
795 1807 877 1886 qudd
895 1808 994 1884 daret,
1046 1783 1128 1874 af

227 1905 329 1981 Atque
348 1904 431 1963 ininc
453 1902 611 1964 difficilem
633 1907 762 1991 ian
784 1906 925 1965 seruaret
947 1923 1061 1964 senem.
1096 1916 1149 1969 535

103 2027 129 2066 25
144 2001 195 2062 Su,
227 2002 342 2061 Garris.
366 2002 425 2063 Gn.
439 2003 525 2062 Haec
548 2004 628 2064 iacta
650 2006 688 2063 ab
709 2003 765 2062 illc
788 2006 962 2082 oportebit,
985 2004 1073 2082 Syre.

143 2100 195 2161 Su.
224 2102 293 2160 Elin
315 2104 429 2180 quudsu
449 2101 565 2179 laudas,
588 2106 641 2181 qui
663 2123 733 2162 erus
752 2100 888 2161 fallunt?
911 2102 968 2162 Cn.
984 2085 1017 2161 in
1032 2099 1102 2160 loeo

178 2188 181 2193 ¹
226 2201 292 2277 Ego
314 2202 389 2259 uero
411 2199 513 2259 lando.
535 2200 803 2263 Su.1ie'etesane.
828 2201 886 2260 Gn.
901 2201 1022 2279 Quippe
1045 2200 1097 2278 qui

228 2297 407 2376 dlugndrum
429 2315 519 2376 saepe
541 2296 575 2357 id
595 2295 764 2358 remedium
788 2296 1060 2374 aegritsidinumst:

230 2392 283 2456 Vel
303 2396 362 2455 ium
384 2396 456 2459 huic
477 2396 639 2454 mansisset
661 2395 767 2455 cinicus
789 2396 901 2473 gnatis
923 2392 1015 2453 dumi.
1093 2405 1148 2457 540

59 2492 63 2500 '
101 2509 126 2551 aa
142 2490 195 2552 Su.
226 2492 319 2551 lucdn
340 2512 378 2550 un
399 2493 482 2551 serio
504 2490 558 2550 ssle
579 2491 656 2552 haec
679 2489 761 2550 dieat
784 2492 900 2569 nescio,

225 2591 292 2649 Nisi
309 2591 383 2649 mihi
400 2589 524 2670 quidem
538 2588 624 2649 addit
637 2591 780 2666 animum,
803 2610 862 2667 quo
876 2588 982 2648 lubedt
996 2590 1100 2667 magis.

142 2688 200 2748 Gn.
225 2689 267 2749 m
281 2690 362 2748 minc
381 2686 456 2766 quid
473 2692 626 2768 expectdt,
648 2687 750 2767 Syre?
771 2708 809 2746 an
826 2687 896 2746 dum
911 2687 983 2746 hine
1000 2685 1101 2745 denuc

226 2786 336 2861 Abest,
359 2805 448 2863 quum
471 2785 608 2869 tolerare
629 2784 712 2846 illius
735 2793 872 2865 sumptus
892 2788 952 2845 ndn
976 2785 1092 2863 quenti

226 2882 336 2942 Nonne
359 2882 398 2941 dd
418 2902 524 2943 senem
545 2882 677 2961 aliquam
696 2884 843 2943 fabricam
860 2883 970 2962 fingit?
997 2883 1050 2945 Su.
1072 2882 1149 2942 Std-

389 3035 393 3040 ,
598 2978 681 3040 lidus
704 2987 761 3040 est,
1092 2989 1148 3041 545

100 3099 125 3139 aa
141 3079 200 3139 Gn.
227 3078 271 3136 At
291 3083 323 3136 te
344 3076 482 3136 adiutare
505 3081 631 3156 apdrtet
652 3074 878 3137 adulescentuli

224 3175 331 3234 Causa.
354 3174 405 3233 Su.
422 3172 528 3235 Facile
543 3173 688 3252 equidem
702 3176 806 3233 ficere
821 3192 955 3253 possum,
970 3174 996 3230 si
1009 3171 1117 3229 iubes:

221 3273 344 3333 Etenim
365 3276 426 3350 'quo
449 3280 539 3351 paeto
561 3271 594 3331 id
613 3272 686 3331 fieri
707 3270 817 3347 soleat,
840 3268 948 3329 ediles.

139 3371 196 3431 Cn.
224 3371 325 3430 Tanto
342 3369 451 3430 hercle
467 3369 584 3432 melior.
608 3369 660 3431 Su.
675 3371 743 3430 Nan
758 3377 808 3430 est
824 3366 950 3428 mentiri
963 3384 1074 3426 meum.
